@book{2003Mgth,
    title        = {
        Μελέτες για την ελληνική γλώσσα: πρακτικά  της  23ης ετήσιας συνάντησης
        του τμήματος φιλολογίας του Αριστοτελείου  Πανεπιστημίου  Θεσσαλονίκης,
        17-19 Μαΐου, 2002
    },
    year         = 2003,
    publisher    = {Αφοι Κυριακίδη},
    address      = {Θεσσαλονίκη},
    organization = {
        Αριστοτέλειο Πανεπιστημείο Θεσσαλονίκης. Τομέας  Γλωσσολογίας.
        Συνάντηση 2002)
    },
}
@article{2020NumPy-Array,
    title        = {Array programming with {NumPy}},
    author       = {
        Harris, Charles R. and Millman, K. Jarrod and van der Walt, Stéfan J
        and Gommers, Ralf and Virtanen, Pauli and Cournapeau, David and Wieser,
        Eric and Taylor, Julian and Berg, Sebastian and Smith, Nathaniel J. and
        Kern, Robert and Picus, Matti and Hoyer, Stephan and van Kerkwijk,
        Marten H. and Brett, Matthew and Haldane, Allan and Fernández del Río,
        Jaime and Wiebe, Mark and Peterson, Pearu and Gérard-Marchant, Pierre
        and Sheppard, Kevin and Reddy, Tyler and Weckesser, Warren and Abbasi,
        Hameer and Gohlke, Christoph and Oliphant, Travis E.
    },
    year         = 2020,
    journal      = {Nature},
    volume       = 585,
    pages        = {357–362},
    doi          = {10.1038/s41586-020-2649-2},
}
@book{Adrados1992,
    title        = {Nueva sintaxis del griego antiguo},
    author       = {F. Rodriguez Adrados},
    year         = 1992,
    publisher    = {Gredos Editorial},
    address      = {Madrid},
}
@inbook{AGLDT2011,
    title        = {The Ancient Greek and Latin Dependency Treebanks},
    author       = {Bamman, David and Gregory Crane},
    year         = 2011,
    booktitle    = {Language Technology for Cultural Heritage},
    pages        = {79--98},
    editors      = {Caroline Sporleder and Antal van den Bosch and Kalliopi Zervanou},
    keywords     = {software},
}
@online{AGLDT2014,
    title        = {The Ancient Greek and Latin Dependency treebank 2.0},
    author       = {Celano, Giuseppe G. A. and Gregory Crane and Bridget Almas},
    year         = 2014,
    url          = {https://github.com/PerseusDL/treebank\%5Fdata},
    keywords     = {software},
}
@book{AiGII1,
    title        = {
        Altindische Grammatik. Teil II Band 1: Einleitung zur Wortlehre.
        Nominalkomposition.
    },
    author       = {Jacob Wackernagel},
    year         = 1905,
    publisher    = {Vandenhoeck \& Ruprecht},
    address      = {Göttingen},
    shortitle    = {AiGr II, 1},
}
@book{AiGII2,
    title        = {Altindische Grammatik. Teil II Band 2: Die Nominalsuffixe.},
    author       = {Jacob Wackernagel and Albert Debrunner},
    year         = 1954,
    publisher    = {Vandenhoeck \& Ruprecht},
    address      = {Göttingen},
}
@article{Allan2012,
    title        = {Clause intertwining and word order in Ancient Greek},
    author       = {Rutger Allan},
    year         = 2012,
    journal      = {Journal of Greek Linguistics},
    number       = 12,
    pages        = {5--28},
}
@article{Allan2014,
    title        = {Changing the Topic: Topic Position in Ancient Greek word order},
    author       = {Rutger Allan},
    year         = 2014,
    journal      = {Mnemosyne},
    number       = 67,
    pages        = {181--213},
}
@article{Alsina1992,
    title        = {On the Argument Structure of Causatives},
    author       = {Alex Alsina},
    year         = 1992,
    journal      = {Linguistic Inquiry},
    volume       = 23,
    number       = 4,
    pages        = {517--555},
}
@book{anabxenpers,
    title        = {Xenophon: Anabasis},
    year         = 1998,
    publisher    = {Harvard University Press},
    address      = {Cambridge},
    series       = {Loeb Classical Library},
    number       = 90,
    editor       = {Carleton L. Brownson},
    editortype   = {translator},
    options      = {useauthor=false,useeditor=true},
    keywords     = {edicao},
}
@article{Andrews1971,
    title        = {Case Agreement of Predicate Modifiers in Ancient Greek},
    author       = {Avery D. Andrews},
    year         = 1971,
    journal      = {Linguistic Inquiry},
    volume       = 2,
    number       = 2,
    pages        = {127--151},
}
@inbook{Andrews1982,
    title        = {The Representation of Case in Modern Icelandic},
    author       = {Avery D. Andrews},
    year         = 1982,
    pages        = {427--503},
    crossref     = {Bresnan1982},
}
@book{Arnold1905,
    title        = {Vedic Metre in its historical development},
    author       = {Edward Vernon Arnold},
    year         = 1905,
    publisher    = {Cambridge University Press},
    address      = {Cambridge},
}
@book{Ast1835,
    title        = {Lexicon Platonicum},
    author       = {Friedrich Ast},
    year         = 1835,
    publisher    = {Buchges},
    address      = {Darmstadt},
    keywords     = {reference},
}
@book{Baayen2008,
    title        = {
        Analysing Linguistic Data: A Practical Introduction to Statistics using
        R
    },
    author       = {R. H. Baayen},
    year         = 2008,
    publisher    = {Cambridge University Press},
    address      = {Cambridge},
}
@book{Bach1888,
    title        = {De attractione quae dicitur inversa apud scriptores Latinos},
    author       = {J. Bach},
    year         = 1888,
    address      = {Strasbourg},
}
@book{Baker1988,
    title        = {Incorporation: A Theory of Grammatical Function Changing},
    author       = {Mark C. Baker},
    year         = 1988,
    publisher    = {University of Chicago Press},
    address      = {Chicago},
}
@book{Baker2008,
    title        = {The Syntax of Agreement and Concord},
    author       = {Mark C. Baker},
    year         = 2008,
    publisher    = {Cambridge University Press},
    address      = {Cambridge},
}
@book{Bakker2009,
    title        = {Discourse Cohesion in Ancient Greek},
    year         = 2009,
    publisher    = {Brill},
    address      = {Leiden},
    editor       = {Bakker, Stéphanie and Wakker, Gerry},
}
@book{Bakker2010,
    title        = {A companion to Ancient Greek},
    author       = {E. Bakker},
    year         = 2010,
    publisher    = {Wiley-Blackwell},
    address      = {London},
}
@book{Baldi2009,
    title        = {
        New Perspectives on Historical Latin Syntax: Syntax of the Sentence
        (Volume I)
    },
    year         = 2009,
    publisher    = {Mouton de Gruyter},
    address      = {Berlin},
    editor       = {Baldi, Philip and Cuzzolin, Pierluigi},
    options      = {useauthor=false,useeditor=true},
}
@book{Baldi2010,
    title        = {
        New Perspectives on Historical Latin Syntax: Constituent Syntax:
        Quantification, Numerals, Possession, Anaphora (Volume 3)
    },
    year         = 2010,
    publisher    = {Mouton de Gruyter},
    address      = {Berlin},
    editor       = {Baldi, Philip and Cuzzolin, Pierluigi},
    options      = {useauthor=false,useeditor=true},
}
@article{Barðdal2012,
    title        = {
        Reconstructing constructional semantics: The dative subject
        construction in Old Norse-Icelandic, Latin, Ancient Greek, Old Russian
        and Old Lithuanian
    },
    author       = {
        Jóhanna Barðdal and Thomas Smitherman and Valgerður Bjarnadóttir and
        Serena Danesi and Gard B. Jenset and Barbara McGillivray
    },
    year         = 2012,
    journal      = {Studies in Language},
    volume       = 36,
    number       = 3,
    pages        = {511--547},
}
@inbook{Barlow1991,
    title        = {The agreement hierarchy and grammatical theory},
    author       = {Michael Barlow},
    year         = 1991,
    booktitle    = {
        Proceedings of the 17th annual meeting of the Berkeley Linguistics
        Society
    },
    publisher    = {Berkeley Linguistics Society},
    address      = {Berkeley},
    pages        = {30--40},
    editor       = {L. A. Sutton and C. Johnson and R. Shields},
}
@article{Bary2018,
    title        = {
        Reporting Someone Else's Speech: The Use of Optative and
        Accusative-and-Infinitive as Reportative Markers in Herodotus'
        Histories
    },
    author       = {Corien Bary},
    year         = 2018,
    journal      = {Open Library of Humanities},
    volume       = {4(1)},
    number       = 20,
    pages        = {1--38},
}
@article{BaryHaug2011,
    title        = {
        Temporal anaphora across and inside sentences: The function of
        participles
    },
    author       = {Corien Bary and Dag T. T. Haug},
    year         = 2011,
    journal      = {Semantics and Pragmatics},
    publisher    = {Linguistic Society of America},
    volume       = 4,
    pages        = {1--56},
}
@inbook{Basse2008,
    title        = {Factive Complements as Defective Phases},
    author       = {Galen Basse},
    year         = 2008,
    booktitle    = {Proceedings of the 27th West Coast Conference on Formal Linguistics},
    publisher    = {Cascadilla Proceedings Project},
    address      = {Somerville, MA},
    pages        = {54--62},
    editor       = {Natasha Abner and Jason Bishop},
}
@book{Beekes2010,
    title        = {Etymological Dictionary of Greek},
    author       = {Robert Beekes},
    year         = 2010,
    publisher    = {Brill},
    address      = {Leiden},
    keywords     = {reference},
}
@article{BenteinBagriaçik2018,
    title        = {
        On the third type of headed Relative Clause in Post-Classical and Early
        Byzantine Greek
    },
    author       = {Klass Bentein and Metı̇n Bağrıaçık},
    year         = 2018,
    journal      = {Transactions of the Philological Society},
    volume       = 3,
    number       = 116,
    pages        = {529--554},
    doi          = {10.1111/1467-968X.121},
}
@book{Benzecri1973,
    title        = {L' Analyse des Données},
    author       = {Jean-Paul Benzécri},
    year         = 1973,
    publisher    = {Dunod},
    address      = {Paris},
}
@book{Bittner1994,
    title        = {Case, Scope, and Binding},
    author       = {Maria Bittner},
    year         = 1994,
    publisher    = {Kluwer},
    address      = {Dordrecht},
    keywords     = {artigo},
}
@article{Bittner1996,
    title        = {The Structural Determination of Case and Agreement},
    author       = {Maria Bittner and Ken Hale},
    year         = 1996,
    journal      = {Linguistic Inquiry},
    volume       = 27,
    number       = 1,
    pages        = {1--68},
    keywords     = {artigo},
}
@mvbook{Bizos1971,
    title        = {Xénophon. Cyropédie},
    year         = 1971,
    publisher    = {Les Belles Lettres},
    address      = {Paris},
    editor       = {Marcel Bizos},
    editortype   = {translator},
    options      = {useauthor=false,useeditor=true},
    keywords     = {edicao},
}
@book{Blake2004,
    title        = {Case},
    author       = {Barry Blake},
    year         = 2004,
    publisher    = {Cambridge University Press},
    address      = {Cambridge},
}
@article{Bloomfield1898,
    title        = {The Meaning of Etymology of the Vedic Word vidátha},
    author       = {Maurice Bloomfield},
    year         = 1898,
    journal      = {Journal of the American Oriental Society},
    volume       = 19,
    pages        = {12--18},
}
@book{Bloomfield1916,
    title        = {Rig--veda Repetitions},
    author       = {Maurice Bloomfield},
    year         = 1916,
    publisher    = {Harvard University Press},
    address      = {Cambridge},
}
@book{Bloomfield1930,
    title        = {Vedic Variants -- Volume I -- Verbs},
    author       = {Maurice Bloomfield and Franklin Edgerton},
    year         = 1930,
    publisher    = {American Council of Learned Societies},
    address      = {Philadelphia},
}
@book{Bloomfield1932,
    title        = {Vedic Variants -- Volume II -- Phonetics},
    author       = {Maurice Bloomfield and Franklin Edgerton},
    year         = 1932,
    publisher    = {American Council of Learned Societies},
    address      = {Philadelphia},
}
@book{Bloomfield1933,
    title        = {Vedic Variants -- Volume III -- Nouns and Pronouns},
    author       = {Maurice Bloomfield and Franklin Edgerton and Murray Barnson Emeneau},
    year         = 1933,
    publisher    = {American Council of Learned Societies},
    address      = {Philadelphia},
}
@book{Boas2019,
    title        = {The Cambridge Grammar of Classical Greek},
    author       = {
        Boas, Evert van Emde and Albert Rijksbaron and Luuk Huitink and Mathieu
        de Bakker
    },
    year         = 2019,
    publisher    = {Cambridge University Press},
    address      = {Cambridge},
    keywords     = {consulta},
}
@book{Boley2004,
    title        = {Tmesis and Proto-Indoeuropean Syntax},
    author       = {Jacqueline Boley},
    year         = 2004,
    publisher    = {Inssbrucker Beiträge zur Sprachwissenschaft},
    address      = {Innsbruck},
}
@article{Bolkestein1976,
    title        = {A.c.i.- and ut-clauses with verba dicendi in Latin},
    author       = {Bolkestein, A. M.},
    year         = 1976,
    journal      = {Glotta},
    publisher    = {Vandenhoeck \& Ruprecht},
    volume       = 54,
    number       = {3/4},
    pages        = {263--291},
}
@inbook{Booij2003,
    title        = {Yearbook of Morphology 2003},
    author       = {Booij, Geert and van Kemenade},
    year         = 2003,
    publisher    = {Springer},
    address      = {Netherlands},
    chapter      = {Preverbs: an introduction},
    editor       = {Booij, Geert and	van Marle},
}
@inbook{Borer1989,
    title        = {Anaphoric AGR},
    author       = {H. Borer},
    year         = 1989,
    booktitle    = {The Null Subject Parameter},
    publisher    = {Kluwer},
    address      = {Dordrecht},
    pages        = {69--110},
    editor       = {O. Jaeggli and K. J. Safir},
}
@book{Bresnan1982,
    title        = {The Mental Representation of Grammatical Relations},
    author       = {Joan Bresnan},
    year         = 1982,
    publisher    = {The MIT Press},
    address      = {Cambridge, MA},
}
@book{Bresnan2001,
    title        = {Lexical-Functional Syntax},
    author       = {J. Bresnan},
    year         = 2001,
    publisher    = {Blackwell},
    address      = {Oxford},
}
@book{BrugmannKarl1925DSde,
    title        = {Die Syntax des einfachen Satzes im Indogermanischen},
    author       = {Brugmann, Karl},
    year         = 1925,
    publisher    = {De Gruyter},
    address      = {Berlin},
}
@misc{bs4,
    title        = {Beautiful soup documentation},
    author       = {Richardson, Leonard},
    year         = 2007,
    month        = apr,
    url          = {https://www.crummy.com/software/BeautifulSoup/},
}
@book{BudeGuillaume1556Clg,
    title        = {Commentarii linguae graecae},
    author       = {Budé, Guillaume},
    year         = 1556,
    publisher    = {Nicolaum Episcopium iuniorem},
    address      = {Basileae},
}
@book{Buijs2005,
    title        = {
        Clause Combining in Ancient Greek Narrative: the distribuition of
        subclauses and participial clauses in Xenophon's Hellenica and Anabasis
    },
    author       = {Michel Buijs},
    year         = 2005,
    publisher    = {Brill},
    address      = {Leiden},
}
@mvbook{Burnet1907,
    title        = {Platonis Opera},
    year         = {1900/1907},
    publisher    = {Oxford University Press},
    address      = {Oxford},
    volumes      = 5,
    editor       = {John Burnet},
    options      = {useauthor=false,useeditor=true},
    keywords     = {edicao},
}
@book{Buttmann1826,
    title        = {Griechische Grammatik},
    author       = {Philipp Buttmann},
    year         = 1826,
    publisher    = {Ferd. Dümmler's Verlagsbuchhandlung},
    address      = {Berlin},
}
@article{ca,
    title        = {
        Correspondence Analysis in R, with two- and three-- dimensional
        graphics: The ca package
    },
    author       = {O. Nenadic and M. Greenacre},
    year         = 2007,
    journal      = {Journal of Statistical Software},
    volume       = 20,
    number       = 3,
    pages        = {1--13},
    url          = {http://www.jstatsoft.org},
    keywords     = {software},
}
@inbook{Calboli2009,
    title        = {Latin syntax and Greek},
    author       = {Gualtiero Calboli},
    pages        = {65--193},
    crossref     = {Baldi2009},
}
@book{Campe1984,
    title        = {
        Case, semantic roles, and grammatical relations: a comprehensive
        bibliography
    },
    author       = {Petra Campe},
    year         = 1984,
    publisher    = {John Benjamins Publishing},
    address      = {Amsterdam},
}
@misc{CaseinLexicalFunctionalGrammar,
    title        = {Case in Lexical-Functional Grammar},
    author       = {Andrej L. Malchukov and Andrew Spencer and Miriam Butt},
    year         = 2012,
    month        = {09},
    publisher    = {Oxford University Press},
    pages        = {},
    url          = {
        
        https://www.oxfordhandbooks.com/view/10.1093/oxfordhb/9780199206476.001.0001/oxfordhb-9780199206476-e-5
    },
}
@book{CatuloCayoValerio1558Ceie,
    title        = {
        Catullus, et in eum commentarius M. Antonii Mureti, ab eodem correcti,
        \& scholiis illustrati, Tibullus et Propertius
    },
    author       = {Marc Antoine Muret},
    year         = 1558,
    publisher    = {apud Paulum Manutium, Aldi F.,},
    address      = {Venetiis},
}
@article{CecchettoOniga2002,
    title        = {
        Consequences of the Analysis of Latin infinitival Clauses for the
        Theory of Case and Control
    },
    author       = {Cecchetto, Carlo and Oniga, Renato},
    year         = 2002,
    journal      = {Lingue e Linguaggio},
    volume       = 35,
    number       = 1,
    pages        = {151--189},
}
@article{CecchettoOniga2004,
    title        = {A Challenge to Null Case Theory},
    author       = {Cecchetto, Carlo and Oniga, Renato},
    year         = 2004,
    journal      = {Linguistic Inquiry},
    volume       = 35,
    number       = 1,
    pages        = {141--149},
}
@book{ChadwickJohn1987Mgte,
    title        = {
        Μελέτες για  την ελληνική γλώσσα : πρακτικά  της  8ης ετήσιας
        συνάντησης  του Τομέα Γλωσσολογίας της Φιλοσοφικής Σχολής του
        Αριστοτελείου  Πανεπιστημίου  Θεσσαλονίκης 27-29 Απριλίου, 1987 :
        τιμητική προσφορά  στον καθηγητή John Chadwick
    },
    author       = {Chadwick, John},
    year         = 1987,
    publisher    = {Αφοι Κυριακίδη},
    address      = {Θεσσαλονίκη},
    organization = {
        Αριστοτέλειο Πανεπιστημείο Θεσσαλονίκης. Τομέας  Γλωσσολογίας.
        Συνάντηση 1987)
    },
}
@mvbook{Chambry1932,
    title        = {Platon Oeuvres Complètes: La République},
    year         = 1932,
    publisher    = {Les Belles Lettres},
    address      = {Paris},
    editor       = {Emile Chambry},
    editortype   = {translator},
    options      = {useauthor=false,useeditor=true},
    keywords     = {edicao},
}
@book{Chantraine1977,
    title        = {Dictionnaire étymologique de la langue grecque.},
    author       = {Pierre Chantraine},
    year         = 1977,
    publisher    = {Éditions Klincksieck},
    address      = {Paris},
    keywords     = {reference},
}
@book{Chantraine1984,
    title        = {Morphologie Historique du Grec},
    author       = {Pierre Chantraine},
    year         = 1984,
    publisher    = {Éditions Klincksieck},
    address      = {Paris},
}
@book{charmalcihipetc,
    title        = {
        Plato: Charmides. Alcibiades I and II. Hipparchus. The Lovers. Theages.
        Minos. Epinomis
    },
    year         = 1927,
    publisher    = {Harvard University Press},
    address      = {Cambridge},
    editor       = {W. R. M. Lamb},
    editortype   = {translator},
    options      = {useauthor=false,useeditor=true},
    keywords     = {edicao},
}
@misc{cltk,
    title        = {CLTK: The Classical Language Toolkit},
    author       = {Johnson, Kyle P. and Patrick Burns and John Stewart and Todd Cook},
    year         = {2014--2021},
    url          = {https://github.com/cltk/cltk},
}
@book{Cohen1988,
    title        = {Statistical Power Analysis for the Behavioral Sciences},
    author       = {Jacob Cohen},
    year         = 1988,
    publisher    = {Lawrence Erlbaum Associates, Publishers},
    address      = {Hillsdale, NJ},
}
@book{Collinge1996,
    title        = {The Laws of Indo--European},
    author       = {N. E. Collinge},
    year         = 1996,
    publisher    = {John Benjamins Publishing Company},
    address      = {Amsterdam},
}
@article{Comrie1975,
    title        = {Polite Plurals and predicate agreement},
    author       = {Bernard Comrie},
    year         = 1975,
    journal      = {Language},
    volume       = 51,
    pages        = {406--418},
}
@inbook{Comrie1995,
    title        = {The Typology of Predicate Case Marking},
    author       = {Bernard Comrie},
    year         = 1995,
    booktitle    = {Essays on Language Function and Language Type. Dedicated to T. Givón},
    publisher    = {John Benjamins Publishing Company},
    address      = {Amsterdam},
    pages        = {39--50},
    editor       = {Joan Bybee and John Haiman and Sandra A. Thompson},
}
@book{Cooper1997,
    title        = {Attic Greek prose syntax},
    author       = {Guy L. Cooper and Karl Wilhelm Krüger},
    year         = 1997,
    publisher    = {The University of Michigan Press},
    address      = {Ann Arbor},
}
@book{Cooper2002,
    title        = {Greek Syntax: early Greek poetic and Herodotean Syntax},
    author       = {Guy L. Cooper and Karl Wilhelm Krüger},
    year         = 2002,
    publisher    = {The University of Michigan Press},
    address      = {Ann Arbor},
}
@article{Corbett1979,
    title        = {Agreement Hierarchy},
    author       = {Greville G. Corbett},
    year         = 1979,
    journal      = {Journal of Linguistics},
    volume       = 15,
    number       = 2,
    pages        = {203--224},
}
@book{Corbett1983,
    title        = {Hierarchies, Targets and Controllers: Agreement Patterns in Slavic},
    author       = {Greville G. Corbett},
    year         = 1983,
    publisher    = {Croom Helm},
    address      = {London},
}
@inbook{Corbett1993,
    title        = {The head of Russian numeral expressions},
    author       = {Greville G. Corbett},
    year         = 1993,
    booktitle    = {Heads in Grammatical Theory},
    publisher    = {Cambridge University Press},
    address      = {Cambridge},
    pages        = {1--35},
    editor       = {Greville G. Corbett and Norman M. Fraser and Scott McGlashan},
}
@book{Corbett2006,
    title        = {Agreement},
    author       = {Greville G. Corbett},
    year         = 2006,
    publisher    = {Cambridge University Press},
    address      = {Cambridge},
}
@book{Crawley2015,
    title        = {Statistics: An Introduction using R},
    author       = {Michael J. Crawley},
    year         = 2015,
    publisher    = {Wiley},
    address      = {Chichester},
}
@inbook{Creider2006,
    title        = {
        Case agreement in Ancient Greek: Implications for a theory of covert
        elements
    },
    author       = {Creider, Chet and Hudson, Richard A.},
    year         = 2006,
    booktitle    = {Word Grammar: New perspectives on a theory of language structure},
    publisher    = {Continuum},
    address      = {London},
    pages        = {35-–53},
    editor       = {Sugayama, Kensei and Hudson, Richard A.},
}
@book{Crepaldi2018,
    title        = {Eurípides. Alceste, Heraclidas, Hipólito},
    year         = 2018,
    publisher    = {Martin Claret},
    address      = {São Paulo},
    editor       = {Clara Lacerda Crepaldi},
    editortype   = {translator},
    options      = {useauthor=false,useeditor=true},
    keywords     = {traducao},
}
@book{Crespo2003,
    title        = {Sintaxis del grieco clásico},
    author       = {Emilio Crespo and Luz Conti and Helena Maquieira},
    year         = 2003,
    publisher    = {Gredos},
    address      = {Madrid},
}
@book{cyropxenpers,
    title        = {Xenophon: Cyropaedia},
    year         = 1914,
    publisher    = {Harvard University Press},
    address      = {Cambridge},
    series       = {Loeb Classical Library},
    number       = {51--52},
    editor       = {Walter {Miller}},
    editortype   = {translator},
    options      = {useauthor=false,useeditor=true},
    keywords     = {edicao},
}
@book{Dahl2010,
    title        = {
        Time, Tense and Aspect in Early Vedic Grammar: exploring inflectional
        semantics in the Rigveda
    },
    author       = {Eystein Dahl},
    year         = 2010,
    publisher    = {Brill},
    address      = {Leiden},
}
@book{Dalrymple2001,
    title        = {Lexical Functional Grammar. Syntax and Semantics},
    author       = {Mary Dalrymple},
    year         = 2001,
    publisher    = {Academic Press},
    address      = {New York},
    volume       = 34,
}
@book{Dalrymple2019,
    title        = {The Oxford reference guide to lexical functional grammar},
    author       = {Mary Dalrymple and John J. Lowe and Louise Mycock},
    year         = 2019,
    publisher    = {Oxford University Press},
    address      = {Oxford},
}
@book{DeJong2014,
    title        = {Iliad, Book 22},
    year         = 2014,
    publisher    = {Cambridge University Press},
    address      = {Cambridge},
    editor       = {De Jong, Irene},
    keywords     = {edicao},
}
@book{Delbruck1888,
    title        = {Altindische Syntax},
    author       = {Delbrück, Berthold},
    year         = 1888,
    publisher    = {Verlag der Buchhandlung des Waisenhauses},
    address      = {Halle},
}
@book{Desagulier2017,
    title        = {Corpus Linguistics and Statiscs with R},
    author       = {Guillaume Desagulier},
    year         = 2017,
    publisher    = {Springer},
    address      = {Cham},
}
@book{Devine1994,
    title        = {The Prosody of Greek Speech},
    author       = {A. M. Devine and Laurence D. Stephens},
    year         = 1994,
    publisher    = {Oxford University Press},
    address      = {Oxford},
}
@book{Devine2019,
    title        = {Pragmatics for Latin : from syntax to information structure},
    author       = {A. M. Devine and Laurence D. Stephens},
    year         = 2019,
    publisher    = {Oxford University Press},
    address      = {Oxford},
}
@book{DevineStephens2000,
    title        = {Discontinuous Syntax: Hyperbaton in Greek},
    author       = {A. M. Devine and Laurence D. Stephens},
    year         = 2000,
    publisher    = {Oxford University Press},
    address      = {Oxford},
}
@book{Dickey2007,
    title        = {Ancient Greek Scholarship},
    author       = {Eleanor Dickey},
    year         = 2007,
    publisher    = {Oxford University Press},
    address      = {Oxford},
}
@book{Diggle1984,
    title        = {Euripidis fabulae},
    year         = 1984,
    publisher    = {Oxford University Press},
    address      = {Oxford},
    editor       = {J. Diggle},
    options      = {useauthor=false,useeditor=true},
    keywords     = {edicao},
}
@book{Dik1995,
    title        = {
        Word Order in Ancient Greek: a pragmatic account of the word order
        variation in Herodotus
    },
    author       = {Helma Dik},
    year         = 1995,
    publisher    = {J. C. Gieben, Publisher},
    address      = {Amsterdam},
}
@book{Dik2007,
    title        = {Word Order in Greek Tragic Dialogue},
    author       = {Helma Dik},
    year         = 2007,
    publisher    = {Oxford University Press},
    address      = {Oxford},
}
@book{Dindorf1850,
    title        = {Xenophontis Institutio Cyri},
    year         = 1850,
    publisher    = {B. G. Teubner},
    address      = {Stuttgart},
    editor       = {Ludovico Dindorf},
    options      = {useauthor=false,useeditor=true},
    keywords     = {edicao},
}
@book{Dindorf1863,
    title        = {Scholia Graeca in Euripidis tragoedias},
    author       = {Wilhelm Dindorf},
    year         = 1863,
    publisher    = {Oxford University Press},
    address      = {Oxford},
    keywords     = {edicao},
}
@book{Dindorf1914,
    title        = {Xenophontis Scripta Minora},
    year         = 1914,
    publisher    = {B. G. Teubner},
    address      = {Stuttgart},
    editor       = {Ludovico Dindorf and Th. Thalheim},
    options      = {useauthor=false,useeditor=true},
    keywords     = {edicao},
}
@electronic{Diogenes,
    title        = {Diogenes},
    year         = 2007,
    address      = {Durham},
    url          = {https://community.dur.ac.uk/p.j.heslin/Software/Diogenes/},
    editor       = {P. J. Heslin},
    keywords     = {software},
}
@article{diorisis2021,
    title        = {
        Lemmatization for Ancient Greek: An experimental assessment of the
        state of the art
    },
    author       = {Alessandro Vatri and Barbara McGillivray},
    year         = 2020,
    journal      = {Journal of Greek Linguistics},
    publisher    = {Brill},
    address      = {Leiden, The Netherlands},
    volume       = 20,
    number       = 2,
    pages        = {179--196},
    doi          = {https://doi.org/10.1163/15699846-02002001},
    url          = {https://brill.com/view/journals/jgl/20/2/article-p179\%5F4.xml},
}
@book{Dixon2000,
    title        = {Changing Valency: Case Studies in Transitivity},
    author       = {Richard Dixon and Alexandra Aikhenvald},
    year         = 2000,
    publisher    = {Cambridge University Press},
    address      = {Cambridge},
}
@book{Duhoux2000,
    title        = {Le verbe grec ancien: éléments de morphologie et de syntaxe historiques},
    author       = {Yves Duhoux},
    year         = 2000,
    publisher    = {Peeters Publishers},
    address      = {Louvain},
    series       = {
        Bibliothéque des Cahiers de l'Institut de linguistique de Louvain
        (BCILL) 104
    },
    edition      = {2. ed., rev. et augm},
}
@mvbook{Duhoux2014,
    title        = {A Companion to Linear B: Mycenaean Greek Texts and their World},
    author       = {Yves Duhoux and Anna Morpurgo Davies},
    year         = 2014,
    publisher    = {Peeters},
    address      = {Louvain la Neuve},
    volumes      = 3,
    keywords     = {artigo},
}
@book{Duke1995,
    title        = {Platonis Opera},
    year         = 1995,
    publisher    = {Oxford University Press},
    address      = {Oxford},
    editor       = {E. A. Duke},
    options      = {useauthor=false,useeditor=true},
    keywords     = {edicao},
}
@mvbook{DukeHicken1995,
    title        = {Platonis Opera},
    year         = 1995,
    publisher    = {Oxford University Press},
    address      = {Oxford},
    volumes      = 5,
    editor       = {
        E. A. Duke and W. F. Hicken and W. S. M. Nicoll and D. B. Robinson and
        J. C. G. Strachan
    },
    options      = {useauthor=false,useeditor=true},
    keywords     = {edicao},
}
@article{Echevarria2000,
    title        = {Case mismatches in Greek},
    author       = {Manuel Español Echevarría and Angela Ralli},
    year         = 2000,
    journal      = {Acta Linguistica Hungarica},
    volume       = 47,
    number       = {1--4},
    pages        = {179--203},
    subtitle     = {Evidence for the autonomy of morphology},
}
@book{Egetmeyer2010,
    title        = {Le dialecte grec ancien de Chypre},
    author       = {Markus Egetmeyer},
    year         = 2010,
    publisher    = {De Gruyter},
    address      = {Berlin},
    keywords     = {artigo},
}
@book{Elizarenkova1989,
    title        = {Rigveda. Mandala I--IV},
    author       = {Tatyana Yakovlevna Elizarenkova},
    year         = 1989,
    publisher    = {Nauka},
    address      = {Moskva},
}
@book{Elizarenkova1995,
    title        = {Rigveda. Mandala V--VIII},
    author       = {Tatyana Yakovlevna Elizarenkova},
    year         = 1995,
    publisher    = {Nauka},
    address      = {Moskva},
}
@book{Elizarenkova1999,
    title        = {Rigveda. Mandala IX--X},
    author       = {Tatyana Yakovlevna Elizarenkova},
    year         = 1999,
    publisher    = {Nauka},
    address      = {Moskva},
}
@book{Ernout1964,
    title        = {Syntaxe Latine},
    author       = {Alfred Ernout and François Thomas},
    year         = 1964,
    publisher    = {Éditions Klincksiec},
    address      = {Paris},
}
@book{euripides1,
    title        = {Euripides: Cyclops. Alcestis. Medea},
    year         = 1994,
    publisher    = {Harvard University Press},
    address      = {Cambridge},
    editor       = {David Kovacs},
    editortype   = {translator},
    options      = {useauthor=false,useeditor=true},
    keywords     = {edicao},
}
@book{euthyapocritphaed,
    title        = {Plato. Euthyphro, Apologia, Crito, Phaedo},
    year         = 1966,
    publisher    = {Harvard University Press},
    address      = {Cambridge},
    editor       = {Harold North Fowler},
    editortype   = {translator},
    options      = {useauthor=false,useeditor=true},
    keywords     = {edicao},
}
@book{EVP15,
    title        = {Études Védiques et Pāṇinéenes -- Tome XV},
    author       = {Louis Renou},
    year         = 1966,
    publisher    = {Éditions E. de Boccard},
    address      = {Paris},
}
@book{EVP4,
    title        = {Études Védiques et Pāṇinéenes -- Tome IV -- Les hymnes aux Viśvedevāḥ},
    author       = {Louis Renou},
    year         = 1958,
    publisher    = {E. de Boccard},
    address      = {Paris},
}
@book{EVP5,
    title        = {Études Védiques et Pāṇinéenes -- Tome V -- Les hymnes aux Viśvedevāḥ},
    author       = {Louis Renou},
    year         = 1959,
    publisher    = {E. de Boccard},
    address      = {Paris},
}
@article{factominer,
    title        = {{FactoMineR}: A Package for Multivariate Analysis},
    author       = {S\'ebastien L\^e and Julie Josse and Fran\c{c}ois Husson},
    year         = 2008,
    journal      = {Journal of Statistical Software},
    volume       = 25,
    number       = 1,
    pages        = {1--18},
    doi          = {10.18637/jss.v025.i01},
    keywords     = {software},
}
@book{Fairclough1926,
    title        = {Horace: Satires. Epistles. The Art of Poetry},
    year         = 1926,
    publisher    = {Harvard University Press},
    address      = {Cambridge},
    editor       = {Fairclough},
    editortype   = {translator},
    options      = {useauthor=false,useeditor=true},
    keywords     = {edicao},
}
@article{Fauconnier2014,
    title        = {Internal and External Relative Clauses in Ancient Greek},
    author       = {Stefanie Fauconnier},
    year         = 2014,
    journal      = {Journal of Greek Linguistics},
    number       = 14,
    pages        = {141--162},
}
@book{Finglass2007,
    title        = {Sophocles Electra edited with introduction and commentary},
    year         = 2007,
    publisher    = {Cambridge University Press},
    address      = {Cambridge},
    editor       = {P. J. Finglass},
    keywords     = {edicao},
}
@book{Foerster1868,
    title        = {
        Quaestiones de attractione enuntiationum relativarum qualis quum in
        aliis tum in Graeca lingua potissimumque apud Graecos poetas fuerit
    },
    author       = {R. Förster},
    year         = 1868,
    address      = {Berlin},
}
@article{Foerster1902,
    title        = {Die Casusangleichung des Relativpronomen im Lateinischen},
    author       = {R. Förster},
    year         = 1902,
    journal      = {Jahrbücher für classische Philologie: Supplementband},
    volume       = 27,
    pages        = {170--94},
}
@book{ForssmanFS,
    title        = {gering und doch von Herzen},
    year         = 1999,
    publisher    = {Reichert Verlag},
    address      = {Wiesbaden},
    editor       = {Jürgen Habisreitinger and Robert Plath and Sabine Ziegler},
}
@book{Fortson2006,
    title        = {Indo--European Language and Culture},
    author       = {Benjamin W. {Fortson IV}},
    year         = 2006,
    publisher    = {Blackwell Publishing},
    address      = {Oxford},
}
@inbook{GarciaRamon1999,
    title        = {
        Zur Bedeutung indogermanischer Verbalwurzeln: *\emph{h₂nek̑-}
        `erreichen, reichen bis', *\emph{h₁nek̑-} `erhalten, (weg)nehmen'
    },
    author       = {{García Ramón}, José Luis},
    pages        = {47--80},
    crossref     = {ForssmanFS},
}
@book{Geldner2003,
    title        = {
        Der Rig--Veda aus dem Sanskrit ins Deutsche übersetzt und mit einem
        laufenden Kommentar versehen
    },
    author       = {Karl Friedrich Geldner},
    year         = 1928,
    publisher    = {Harvard University Press},
    address      = {Cambridge},
}
@book{GeldnerVI,
    title        = {
        Der Rig--Veda aus dem Sanskrit ins Deutsche übersetzt und mit einem
        laufenden Kommentar versehen. Erster Teil: erster bis vierter
        Liederkreis
    },
    author       = {Karl Friedrich Geldner},
    year         = 1928,
    publisher    = {Harvard University Press},
    address      = {Cambridge},
}
@book{GeldnerVII,
    title        = {
        Der Rig--Veda aus dem Sanskrit ins Deutsche übersetzt und mit einem
        laufenden Kommentar versehen. Zweiter Teil: fühnfter bis achter
        Liederkreis
    },
    author       = {Karl Friedrich Geldner},
    year         = 1928,
    publisher    = {Harvard University Press},
    address      = {Cambridge},
}
@book{GeldnerVIII,
    title        = {
        Der Rig--Veda aus dem Sanskrit ins Deutsche übersetzt und mit einem
        laufenden Kommentar versehen. Drieter Teil: neunter bis zehnter
        Liederkreis
    },
    author       = {Karl Friedrich Geldner},
    year         = 1928,
    publisher    = {Harvard University Press},
    address      = {Cambridge},
}
@book{Gemoll1912,
    title        = {Xenophontis Intitutio Cyri},
    year         = 1912,
    publisher    = {B.G.Teubner},
    address      = {Leipzig},
    editor       = {Wilhelm Gemoll},
    options      = {useauthor=false,useeditor=true},
    keywords     = {edicao},
}
@book{Gemoll1968,
    title        = {Xenophontis Intitutio Cyri},
    year         = 1968,
    publisher    = {B. G. Teubner},
    address      = {Leipzig},
    editor       = {Wilhelm Gemoll},
    options      = {useauthor=false,useeditor=true},
    keywords     = {edicao},
}
@mastersthesis{Geraldes2020,
    title        = {
        Case Attraction on Infinitive Clauses of Ancient Greek: A case study on
        Herodotus, Plato and Xenophon
    },
    author       = {Caio Borges Aguida Geraldes},
    year         = 2020,
    location     = {São Paulo},
    doi          = {https://doi.org/10.11606/D.8.2020.tde-12042021-174449},
    institution  = {Universidade de São Paulo},
    eventdate    = 2020,
}
@misc{Geraldes2021,
    title        = {
        Dataset for Case Attraction on Infinitive Clauses of Ancient Greek in
        Herodotus, Plato and Xenophon
    },
    author       = {Geraldes, Caio Borges Aguida},
    year         = 2021,
    publisher    = {Zenodo},
    doi          = {10.5281/zenodo.4906110},
}
@book{ggplot2,
    title        = {ggplot2: Elegant Graphics for Data Analysis},
    author       = {Hadley Wickham},
    year         = 2016,
    publisher    = {Springer-Verlag New York},
    url          = {https://ggplot2.tidyverse.org},
    keywords     = {software},
}
@book{Giannecchini1995,
    title        = {Il controlo infinitivo in greco antico},
    author       = {Giulio Giannecchini},
    year         = 1995,
    publisher    = {Edizioni scientifiche italiane},
    address      = {Nápoles},
}
@book{Givon1983,
    title        = {Topic Continuity in Discourse: A Quantitative Cross-Language Study},
    author       = {Talmy Givón},
    year         = 1983,
    publisher    = {Benjamins},
    address      = {Amsterdam},
}
@book{Goldstein2016,
    title        = {Classical Greek Syntax: Wackernagel's Law in Herodotus},
    author       = {David Goldstein},
    year         = 2016,
    publisher    = {Brill},
    address      = {Leiden},
}
@article{Gonda1965,
    title        = {On Abuse of the Term 'Attraction'},
    author       = {Gonda, J},
    year         = 1965,
    journal      = {Acta Classica},
    publisher    = {A. A. Balkema.},
    address      = {Cape Town},
    volume       = 8,
    pages        = 1,
}
@book{Gonda1975,
    title        = {Vedic literature: (Saṃhitās and Brāhmaṇas)},
    author       = {Jan Gonda},
    year         = 1975,
    publisher    = {Otto Harrassowitz},
    address      = {Wiesbaden},
    volume       = {1.1},
    number       = 1,
    editor       = {Jan Gonda},
    editortype   = {organizer},
    maintitle    = {A History of Indian literature: Veda and Upanishads},
}
@book{Goodwin1881,
    title        = {Syntax of the Moods and Tenses of the Greek Verb},
    author       = {William W. Goodwin},
    year         = 1881,
    publisher    = {Macmillan},
    address      = {London},
}
@book{Goodwin1900,
    title        = {A Greek Grammar},
    author       = {William W. Goodwin},
    year         = 1900,
    publisher    = {Ginn \& Company},
    address      = {Boston},
}
@book{Goto1987,
    title        = {
        Die ``I. Präsensklasse'' im Vedischen: Untersuchung der volstufigen
        thematischen Wurzelpräsentia
    },
    author       = {Toshifumi Gotō},
    year         = 1987,
    publisher    = {Verlag der Österreichischen Akademie der Wissenschaften},
    address      = {Wien},
}
@book{Goto2007,
    title        = {Rig--Veda -- Das heilige Wissen. Band I: Erster und zweiter Liederkreis},
    author       = {Toshifumi Gotō and Michael Witzel},
    year         = 2007,
    publisher    = {Verlag der Weltreligionen},
    address      = {Frankfurt},
    subtitle     = {
        Übersetzt und herausgegeben von M.W. und T.G. unter Mitarbeit von E.
        Dóyama \& M. Ježic.
    },
}
@book{Goto2013a,
    title        = {
        Rig--Veda -- Das heilige Wissen. Band II: Dritter bis fünfter
        Liederkreis
    },
    author       = {Toshifumi Gotō and Michael Witzel},
    year         = 2013,
    publisher    = {Verlag der Weltreligionen},
    address      = {Frankfurt},
    subtitle     = {
        Übersetzt und herausgegeben von M.W. und T.G. unter Mitarbeit von S.
        Scarlata.
    },
}
@book{Goto2013b,
    title        = {Old indo-aryan morphology and its indo-iranian background},
    author       = {Toshifumi Gotō},
    year         = 2013,
    publisher    = {Verlag der Österreichischen Akademie der Wissenschaften},
    address      = {Wien},
}
@book{Grassman1873,
    title        = {Worterbuch zum Rig--veda},
    author       = {Hermann Gunther Grassman},
    year         = 1873,
    publisher    = {O. Harrassowitz},
    address      = {Wiesbaden},
}
@book{Grassman1876,
    title        = {
        Rig--veda übersetzt und mit kritischen und erläuternden Anmerkungen
        versehen. Erster Teil
    },
    author       = {Hermann Gunther Grassman},
    year         = 1876,
    publisher    = {Unveränderter Nachdruck der Ausgabe},
    address      = {Leipzig},
}
@book{Grassman1877,
    title        = {
        Rig--veda übersetzt und mit kritischen und erläuternden Anmerkungen
        versehen. Zweiter Teil
    },
    author       = {Hermann Gunther Grassman},
    year         = 1877,
    publisher    = {Unveränderter Nachdruck der Ausgabe},
    address      = {Leipzig},
}
@book{Greenacre2017,
    title        = {Correspondence Analysis in Practice},
    author       = {Michael Greenacre},
    year         = 2017,
    publisher    = {Chapman \& Hall/CRC},
    address      = {London},
}
@article{Grestenberger2013,
    title        = {The Indo--Iranian \emph{cákri}--type},
    author       = {Laura Grestenberger},
    year         = 2013,
    journal      = {Journal of the American Oriental Society},
    volume       = 133,
    number       = 2,
    pages        = {269--294},
}
@book{GriesStefanThomas2013Sflw,
    title        = {Statistics for linguistics with R : a practical introduction},
    author       = {Gries, Stefan Thomas},
    year         = 2013,
    publisher    = {De Gruyter},
    address      = {Berlin},
    edition      = {Second revised edition.},
}
@book{Grimm1858,
    title        = {Über einige Fälle der Attraction},
    author       = {Jacob Grimm},
    year         = 1858,
    publisher    = {Königl. Akademie der Wissenschaften},
    address      = {Berlin},
}
@inbook{Grimm2007,
    title        = {Case Attraction in Ancient Greek},
    author       = {Scott Grimm},
    year         = 2007,
    booktitle    = {
        Proceedings of the 6th International Tblisi Symposion on Language,
        Logic and Computation: Lecture Notes in Computer Science
    },
    publisher    = {Springer},
    address      = {Berlin},
    volume       = {4663, Lecture Notes in Artificial Inteligence},
    pages        = {139--153},
    editor       = {Balder Cate and Henk Zeevat},
}
@book{Grosu1994,
    title        = {Three studies in Locality and Case},
    author       = {Alexander Grosu},
    year         = 1994,
    publisher    = {Routledge},
    address      = {London},
}
@inbook{Hale1986,
    title        = {Notes on World View and Semantic Categories: some Walpiri Examples},
    author       = {Ken Hale},
    year         = 1986,
    booktitle    = {Features and projections},
    publisher    = {Foris},
    address      = {Dordrecht},
    pages        = {233--254},
    keywords     = {artigo},
    editor       = {Pieter Muysken and Henk van Riemdijk},
}
@book{Hale2002,
    title        = {Prolegomenon to a Theory of Argument Structure},
    author       = {Ken Hale and Samuel J. Keyser},
    year         = 2002,
    publisher    = {The MIT Press},
    address      = {Cambridge, MA},
    keywords     = {artigo},
}
@book{HansenHaug2012a,
    title        = {Big Events, Small Clauses: The Grammar of Elaboration},
    year         = 2012,
    publisher    = {De Gruyter},
    address      = {Berlin},
    editor       = {Cathrine Fabricius-Hansen and Dag T. T. Haug},
}
@phdthesis{Harbert1978,
    title        = {Gothic Syntax: A Relational Grammar},
    author       = {Wayne Harbert},
    year         = 1978,
    language     = {English},
    institution  = {University of Illinois},
}
@inproceedings{Harbert1990,
    title        = {Case Attraction and the Hierarchization of Case},
    author       = {Wayne Harbert},
    year         = 1990,
    booktitle    = {Proceedings of the Eastern States Conference on Linguistics},
    publisher    = {DMLL Publications},
    address      = {Ohio},
    number       = 6,
    pages        = {138--49},
    eventtitle   = {Eastern States Conference on Linguistics},
}
@article{Haspelmath2018,
    title        = {Indexing and flaging, and head and dependent marking},
    author       = {Martin Haspelmath},
    year         = 2018,
    journal      = {Te Rao},
    keywords     = {artigo},
}
@book{Hatzfeld1939,
    title        = {Xénophon. Helléniques},
    year         = 1939,
    publisher    = {Les Belles Lettres},
    address      = {Paris},
    editor       = {J. Hatzfeld},
    editortype   = {translator},
    options      = {useauthor=false,useeditor=true},
    keywords     = {edicao},
}
@inproceedings{Haug2011,
    title        = {Backward control in Ancient Greek - Subsumption or Linearization?},
    author       = {Dag T. T. Haug},
    year         = 2011,
    booktitle    = {Proceedings of the LFG11 Conference},
    publisher    = {CSLI Publications},
    address      = {Stanford},
    pages        = {278--298},
    editor       = {Miriam Butt and Tracy Holloway King},
}
@inbook{Haug2012,
    title        = {
        Open verb-based adjuncts in New Testament Greek -- with a view to the
        Latin Vulgate translations
    },
    author       = {Dag T. T. Haug},
    pages        = {287--321},
    crossref     = {HansenHaug2012a},
}
@article{HaugNikitina2016a,
    title        = {Feature sharing in agreement},
    author       = {Haug, Dag and Nikitina, Tatiana},
    year         = 2016,
    journal      = {Natural Language \& Linguistic Theory},
    publisher    = {Springer Netherlands},
    address      = {Dordrecht},
    volume       = 34,
    number       = 3,
    pages        = {865--910},
}
@article{HaugNikitina2016b,
    title        = {
        Syntactic nominalization in latin: a case of non‐canonical subject
        agreement
    },
    author       = {Haug, Dag and Nikitina, Tatiana},
    year         = 2016,
    journal      = {Transactions of the Philological Society},
    volume       = 114,
    number       = 1,
    pages        = {25--50},
}
@book{Hawkins2000,
    title        = {Corpus of Hieroglyphic Lywian Inscriptions},
    author       = {John David Hawkins},
    year         = 2000,
    publisher    = {Walter de Gruyter},
    address      = {Berlin},
}
@book{hdtpers,
    title        = {Herodotus: The Persian Wars},
    year         = 1920,
    publisher    = {Harvard University Press},
    address      = {Cambridge},
    series       = {Loeb Classical Library},
    number       = {117--120},
    editor       = {A. D. Godley},
    editortype   = {translator},
    options      = {useauthor=false,useeditor=true},
    keywords     = {edicao},
}
@book{Heenen2006,
    title        = {Le désidératif en védique},
    author       = {François Heenen},
    year         = 2006,
    publisher    = {Rodopi},
    address      = {Amsterdam},
}
@book{Helbig2013,
    title        = {{Deutsche Grammatik: ein Handbuch für den Ausländerunterricht}},
    author       = {Gerhard Helbig and Joachim Buscha},
    year         = 2013,
    publisher    = {Langenscheidt bei Klett},
    address      = {Berlin},
    keywords     = {artigo},
    pagetotal    = 656,
}
@book{hellxenpers1,
    title        = {Xenophon: Hellenica, Volume I: Books 1-4},
    year         = 1918,
    publisher    = {Harvard University Press},
    address      = {Cambridge},
    series       = {Loeb Classical Library},
    number       = 88,
    editor       = {Carleton L. Brownson},
    editortype   = {translator},
    options      = {useauthor=false,useeditor=true},
    keywords     = {edicao},
}
@book{hellxenpers2,
    title        = {Xenophon: Hellenica, Volume II: Books 5-7},
    year         = 1921,
    publisher    = {Harvard University Press},
    address      = {Cambridge},
    editor       = {Carleton L. Brownson},
    editortype   = {translator},
    options      = {useauthor=false,useeditor=true},
    keywords     = {edicao},
}
@inbook{Hermann1834,
    title        = {Adnotationes},
    author       = {Johann Gottfried Jakob Hermann},
    year         = 1834,
    crossref     = {Viger1834},
}
@book{Hillebrandt1891,
    title        = {Vedische Mythologie. Erster Band. Soma und verwandte Götter},
    author       = {Alfred Hillebrandt},
    year         = 1891,
    publisher    = {Wilhelm Koebner},
    address      = {Breslau},
}
@inproceedings{Hinrichs:WebLicht:2010,
    title        = {WebLicht: Web-Based LRT Services for German},
    author       = {Erhard W. Hinrichs and Marie Hinrichs and Thomas Zastrow},
    year         = 2010,
    booktitle    = {Proceedings of the ACL 2010 System Demonstrations},
    pages        = {25--29},
    url          = {http://www.aclweb.org/anthology/P10-4005},
    keywords     = {software},
}
@manual{Hmisc,
    title        = {Hmisc: Harrell Miscellaneous},
    author       = {Frank E {Harrell Jr}},
    year         = 2020,
    url          = {https://CRAN.R-project.org/package=Hmisc},
    note         = {R package version 4.3-1},
    keywords     = {software},
}
@book{Hocheder1833,
    title        = {Über die Lehre von der Attraction in der griechischen Sprache},
    author       = {Franz {von Paula} Hocheder},
    year         = 1833,
    publisher    = {Königlichen Central-Schulbücher-Verlag},
    address      = {München},
}
@book{Hoffmann1967,
    title        = {Der Injunktiv im Veda},
    author       = {Karl Hoffmann},
    year         = 1967,
    publisher    = {Carl Winter Universitätsverlag},
    address      = {Heidelberg},
}
@book{Hoffmann2004,
    title        = {Avestische {L}aut- und {F}lexionslehre},
    author       = {Karl Hoffmann and Bernhard Forssman},
    year         = 2004,
    publisher    = {Istitut für Sprachwissenschaft},
    address      = {Innsbruck},
    keywords     = {artigo},
}
@mvbook{HoffmannAufs,
    title        = {Aufsätze zur Indoiranistik},
    author       = {Karl Hoffmann},
    year         = 1976,
    publisher    = {Dr. Ludwig Reichert Verlag},
    address      = {Wiesbaden},
    editor       = {Johanna Narten},
    volumes      = 3,
}
@book{Horace1577DLMr,
    title        = {
        Dionysii Lambini Monstroliensis regii professoris, In Q. Horatium
        Flaccum ex fide atque auctoritate complurium librorum manuscriptorum
    },
    author       = {Denis Lambin},
    year         = 1577,
    publisher    = {Ex officina typographica Andreae Wecheli},
    address      = {Francofurti ad Moenum},
}
@article{Hornstein1981,
    title        = {Case theory and {P}reposition {S}tranding},
    author       = {Norbert Hornstein and Amy Weinberg},
    year         = 1981,
    journal      = {Linguistic Inquiry},
    volume       = 12,
    number       = 1,
    pages        = {55--91},
    keywords     = {artigo},
}
@inbook{Horrocks1987,
    title        = {Binding and control in Ancient Greek},
    author       = {Geoffrey Horrocks},
    year         = 1987,
    pages        = {--},
    crossref     = {ChadwickJohn1987Mgte},
}
@book{Hude1927,
    title        = {Herodoti Historiae},
    year         = 1927,
    publisher    = {Oxford University Press},
    address      = {Oxford},
    editor       = {Carl Hude},
    options      = {useauthor=false,useeditor=true},
    keywords     = {edicao},
}
@book{Hude1934,
    title        = {Xenophontis Historia Graeca},
    year         = 1934,
    publisher    = {B. G. Teubner},
    address      = {Stuttgart},
    editor       = {Carl Hude},
    options      = {useauthor=false,useeditor=true},
    keywords     = {edicao},
}
@book{Hude1972,
    title        = {Xenophon - Expeditio Cyri},
    year         = 1972,
    publisher    = {Teubner Verlagsgesellschaft},
    address      = {Leipzig},
    editor       = {Carl Hude},
}
@book{Humbert1945,
    title        = {Syntaxe grecque},
    author       = {Jean Humbert},
    year         = 1945,
    publisher    = {C. Klincksieck},
    address      = {Paris},
}
@book{HussonLePages2011,
    title        = {Exploratory Multivariate Analysis by Example Using R},
    author       = {François Husson and Sébastien Lê and Jérôme Pagès},
    year         = 2011,
    publisher    = {CCR Press},
    address      = {London},
}
@book{IEW,
    title        = {Indogermanisches etymologisches Wörterbuch},
    author       = {Julius Pokorny},
    year         = 2005,
    publisher    = {Francke},
    address      = {Bern},
}
@inproceedings{INESS2012,
    title        = {An open infrastructure for advanced treebanking},
    author       = {Victoria Rosén and Koenraad De Smedt and Paul Meurer and Helge Dyvik},
    year         = 2012,
    booktitle    = {META-- RESEARCH Workshop on Advanced Treebanking at LREC2012},
    address      = {Istanbul},
    pages        = {22--29},
    editor       = {Jan Hajič and Koenraad De Smedt and Marko Tadić and António Branco},
    keywords     = {software},
}
@article{Insler1972,
    title        = {Some Irregular Vedic Imperatives},
    author       = {Stanley Insler},
    year         = 1972,
    journal      = {Language},
    volume       = 48,
    number       = 3,
    pages        = {551--65},
}
@book{Jamison1983,
    title        = {
        Function and Form in the -áya--Formations of the Rig Veda and Atharva
        Veda
    },
    author       = {Stephanie Jamison},
    year         = 1983,
    publisher    = {Vandenhoeck and Rupretch},
    address      = {Göttingen},
}
@book{Jamison2014,
    title        = {The Rigveda: the earliest religous poetry of India},
    author       = {Stephanie Jamison and Joel Brereton},
    year         = 2014,
    publisher    = {Oxford University Press},
    address      = {Oxford},
    keywords     = {edicao},
}
@misc{JamisonComent,
    title        = {Rigveda Translation: Commentary},
    author       = {Stephanie Jamison and Joel Brereton},
    year         = 2015,
    url          = {http://rigvedacommentary.alc.ucla.edu/},
}
@book{JamisonFS,
    title        = {
        Sahasram Ati Srajas: Indo-Iranian and Indo-European Studies in Honor of
        Stephanie W. Jamison
    },
    year         = 2016,
    publisher    = {Beech Stave Press},
    address      = {New York},
    editor       = {Dieter Gunkel and Joshua T. Katz and Brent Vine and MIchael Weiss},
}
@article{Jasanoff2002,
    title        = {The Vedic Imperatives yódhi `Fight' and bodhi `Heed'},
    author       = {Jay H. Jasanoff},
    year         = 2002,
    journal      = {Journal of the American Oriental Society},
    volume       = 122,
    number       = 2,
    pages        = {290--5},
    journalsubtitle = {
        No. 2, Indic and Iranian Studies in Honor of Stanley Insler on His
        Sixty-Fifth Birthday
    },
}
@inbook{Jasanoff2016,
    title        = {Vedic \emph{stuṣé} `I praise'},
    author       = {Jay H. Jasanoff},
    pages        = {135--45},
    crossref     = {JamisonFS},
}
@book{JensetMcGillivray2017,
    title        = {Quantitative Historical Linguistics},
    author       = {Gard B. Jenset and Barbara McGillivray},
    year         = 2017,
    publisher    = {Oxford University Press},
    address      = {Oxford},
}
@phdthesis{Johndal2012,
    title        = {Non-finitiness in Latin},
    author       = {Marius L. Jøhndal},
    year         = 2012,
    language     = {English},
    institution  = {University of Cambridge},
}
@misc{johnson2014,
    title        = {CLTK: The Classical Language Toolkit},
    author       = {Kyle P. Johnson and others},
    year         = {2014--2019},
    doi          = {10.5281/zenodo.3445585},
    howpublished = {\url{https://github.com/cltk/cltk}},
    version      = {0.1.111},
    keywords     = {software},
}
@phdthesis{Johnson2014,
    title        = {A Case Study of Multiple Antecedent Agreement in Indo-European},
    author       = {Cynthia A. Johnson},
    year         = 2014,
    location     = {Ohio},
    institution  = {The Ohio State University},
}
@article{JohnsonJoseph2014,
    title        = {
        Morphology and syntax ... and semantics ... and pragmatics:
        Deconstructing ``semantic agreement''
    },
    author       = {Cynthia A. Johnson and Brian D. Joseph},
    year         = 2014,
    journal      = {Lingvisticæ Investigationes},
    volume       = 37,
    number       = 2,
    pages        = {306--321},
}
@misc{jurafsky_martin_2021,
    title        = {
        Speech and Language Processing: An Introduction to Natural Language
        Processing, Computational Linguistics, and Speech Recognition
    },
    author       = {Daniel Jurafsky and James H. Martin},
    year         = {2009--2021},
    address      = {Stanford},
    url          = {https://web.stanford.edu/~jurafsky/slp3/},
}
@article{Kakarikos2014,
    title        = {
        Case Attraction in Free Relative Clauses of Ancient Greek: A Study of
        the Syntax--Morphology Interface
    },
    author       = {Konstantinos Kakarikos},
    year         = 2014,
    journal      = {Major Trends in Theoretical and Applied Linguistics},
    volume       = 1,
    pages        = {289--304},
}
@article{KeenanComrie1977,
    title        = {Noun phrase accessibility and universal grammar},
    author       = {Edward L. Keenan and Bernard Comrie},
    year         = 1977,
    journal      = {Linguistic Inquiry},
    volume       = 8,
    pages        = {63--99},
}
@article{KeenanComrie1979,
    title        = {Data on the noun phrase accessibility hierarchy},
    author       = {Edward L. Keenan and Bernard Comrie},
    year         = 1979,
    journal      = {Linguistic Inquiry},
    volume       = 55,
    pages        = {333--51},
}
@book{Keller2012,
    title        = {Xenophontis Historia Graeca},
    year         = 2012,
    publisher    = {B. G. Teubner},
    address      = {Stuttgart},
    editor       = {Otto Keller},
    options      = {useauthor=false,useeditor=true},
    keywords     = {edicao},
}
@book{Kellogg1938,
    title        = {A Grammar of the Hindi Language},
    author       = {S. H. Kellogg},
    year         = 1938,
    publisher    = {Munshiram Manoharlal},
    address      = {New Delhi},
    keywords     = {artigo},
}
@book{Kells1989,
    title        = {Sophocles Electra},
    year         = 1989,
    publisher    = {Cambridge University Press},
    address      = {Cambridge},
    editor       = {J. H. Kells},
    keywords     = {edicao},
}
@book{Kent1950,
    title        = {Old Persian: grammar, texts, lexicon},
    author       = {Roland G. Kent},
    year         = 1950,
    publisher    = {American Oriental Society},
    address      = {Connecticut},
    keywords     = {artigo},
}
@book{Keydana2013,
    title        = {Infinitive im R̥gveda: Formen, Funktion, Diachronie},
    author       = {Götz Keydana},
    year         = 2013,
    publisher    = {Brill},
    address      = {Leiden},
}
@book{KG,
    title        = {Ausführliche Grammatik der griechischen Sprache},
    author       = {Raphael Kühner and Bernhard Gerth},
    year         = 1898,
    publisher    = {Hahn},
    address      = {Hannover},
    keywords     = {consulta, artigo},
}
@book{Kiss2005,
    title        = {Universal Grammar in the Reconstruction of Ancient Languages},
    year         = 2005,
    publisher    = {Mouton de Gruyter},
    address      = {Berlin},
    editor       = {Katalin Kiss},
}
@inbook{Klein2008,
    title        = {Interrogative Sequences in the Rigveda},
    author       = {Jared S. Klein},
    year         = 2008,
    booktitle    = {
        Evidence and Counter--{E}vidence: Studies in Slavic and General
        Linguistics
    },
    publisher    = {Rodopi},
    address      = {Amsterdam},
    pages        = {297--308},
    editor       = {Alexander Lubotsky and Jos Schaeken and Jeroen Wiedenhof},
}
@book{Krüger1852,
    title        = {Griechische Sprachlehre für Schulen},
    author       = {Karl Wilhelm Krüger},
    year         = 1852,
    publisher    = {K. W. Krüger's Verlagsbuchhandlung},
    address      = {Berlin},
}
@book{KSt,
    title        = {Ausführliche Grammatik der lateinischen Sprache},
    author       = {Kühner, Raphael and Holzweissig, Friedrich and Stegmann, Carl},
    year         = 1877,
    publisher    = {Hahn},
    address      = {Hannover},
}
@article{Kuiper1974,
    title        = {\emph{ví} \emph{dayate} and \emph{vidátha}},
    author       = {F. B. J. Kuiper},
    year         = 1974,
    journal      = {Indologica Taurinensia},
    number       = 2,
    pages        = {121--32},
}
@book{Kulikov2006,
    title        = {Case, Valency and Transitivity},
    year         = 2006,
    publisher    = {John Benjamins Publishing Company},
    address      = {Amsterdam},
    editor       = {Leonid Kulikov and Peter de Swart and Andrej L. Malchukov},
    editortype   = {editor},
    options      = {useauthor=false,useeditor=true},
}
@article{Kulikov2012,
    title        = {
        Vedic preverbs as markers of valency-changing derivations: Transitivity
        and objecthood in Indo-European (Evidence from Old Indo-Aryan)
    },
    author       = {Leonid Kulikov},
    year         = 2012,
    journal      = {Studies in Language},
    volume       = 36,
    number       = 4,
    pages        = {721--746},
}
@article{Kulikov2013,
    title        = {
        An Atharvanic hymn to the night: text--critical and linguistic remarks
        on the interpretation of Śaunakīya 19.50= Paippalāda 14.9
    },
    author       = {Leonid Kulikov},
    year         = 2013,
    journal      = {Bulletin of SOAS},
    volume       = 76,
    number       = 2,
    pages        = {259--69},
}
@book{Kummel1996,
    title        = {Stativ und Passivaorist im Indoiranischen},
    author       = {Martin Joachim Kümmel},
    year         = 1996,
    publisher    = {Vandenhoeck \& Ruprecht},
    address      = {Göttingen},
}
@book{Kummel2000,
    title        = {Das Perfekt im Indoiranischen},
    author       = {Martin Joachim Kümmel},
    year         = 2000,
    publisher    = {Reicher Verlag},
    address      = {Wiesbaden},
}
@book{KurzováHelena1968ZsSd,
    title        = {Zur syntaktischen Struktur des griechischen Infinitiv und Nebensatz},
    author       = {Kurzová, Helena},
    year         = 1968,
    publisher    = {Adolf M. Hakkert ; Academia},
    address      = {Prag},
}
@book{lachprotmeneuthy,
    title        = {Plato. Laches. Protagoras. Meno. Euthydemo},
    year         = 1924,
    publisher    = {Harvard University Press},
    address      = {Cambridge},
    editor       = {W. R. M. Lamb},
    editortype   = {translator},
    options      = {useauthor=false,useeditor=true},
    keywords     = {edicao},
}
@article{Lakoff1970,
    title        = {Global rules},
    author       = {Lakoff, George},
    year         = 1970,
    journal      = {Language},
    publisher    = {Linguistic Society of America, etc.},
    volume       = 46,
    number       = 3,
    pages        = {627--639},
}
@article{Lakoff1972a,
    title        = {The arbitrary basis of transformational grammar},
    author       = {Lakoff, George},
    year         = 1972,
    journal      = {Language},
    publisher    = {Linguistic Society of America, etc.},
    volume       = 48,
    number       = 1,
    pages        = {76--87},
}
@article{Lakoff1972b,
    title        = {The global nature of the Nuclear Stress Rule},
    author       = {Lakoff, George},
    year         = 1972,
    journal      = {Language},
    publisher    = {Linguistic Society of America, etc.},
    volume       = 48,
    number       = 2,
    pages        = 285,
}
@book{Lancelot1658,
    title        = {
        Nouvelle Methode pour apprendre facilement la Langue Greque: contenant
        les regles de Déclinaisons, des Conjugaisons, de l' Investigation du
        Theme, de la Syntaxe, de la Quantité, des Accens, des Dialectes, \& des
        Licences Poëtiques
    },
    author       = {Claude Lancelot},
    year         = 1658,
    publisher    = {Pierre le Petit},
    address      = {Paris},
}
@book{Lancelot1709,
    title        = {
        Nouvelle Methode pour apprendre facilement la Langue Latine: contenant
        les regles de Genres, des Déclinaisons, des Préterits, de la Syntaxe,
        de la Quantité, \& des Accens
    },
    author       = {Claude Lancelot},
    year         = 1709,
    publisher    = {Denys Marietti},
    address      = {Paris},
}
@article{Landau2008,
    title        = {Two routes of Control: Evidence for case transmission in Russian},
    author       = {Idan Landau},
    year         = 2008,
    journal      = {Natural Language and Linguistic theory},
    volume       = 26,
    number       = 4,
    pages        = {877--924},
}
@book{leges1,
    title        = {Plato. Laws. Volume I: Books 1-6},
    year         = 1967,
    publisher    = {Harvard University Press},
    address      = {Cambridge},
    editor       = {Paul Shorey},
    editortype   = {translator},
    options      = {useauthor=false,useeditor=true},
    keywords     = {edicao},
}
@book{leges2,
    title        = {Plato. Laws. Volume II: Books 7-12},
    year         = 1968,
    publisher    = {Harvard University Press},
    address      = {Cambridge},
    editor       = {Paul Shorey},
    editortype   = {translator},
    options      = {useauthor=false,useeditor=true},
    keywords     = {edicao},
}
@mvbook{Legrand1968,
    title        = {Hérodote. Histoires},
    year         = {1932/1968},
    publisher    = {Les Belles Lettres},
    address      = {Paris},
    editor       = {Philippe Ernst Legrand},
    editortype   = {translator},
    volumes      = 11,
    options      = {useauthor=false,useeditor=true},
    keywords     = {edicao},
}
@inbook{Leko2000,
    title        = {Syntactic vs. Semantic agreement in the Oslo corpus},
    author       = {Nedžad Leko},
    year         = 2000,
    booktitle    = {
        Annual workshop on Formal Approaches to Slavic Linguistics 8: the
        Philadelphia Meeting 1999
    },
    publisher    = {Michigan Slavic Publications},
    address      = {Ann Arbor},
    pages        = {259--78},
    editor       = {Tracy Holloway King and Irina A. Sekerina},
}
@book{Leskien1919,
    title        = {Litauisches Lesebuch mit Grammatik und Wörterbuch},
    author       = {August Leskien},
    year         = 1919,
    publisher    = {Carl Winter's Universitätsbuchhandlung},
    address      = {Heidelberg},
}
@book{Leukart1994,
    title        = {Die frühgriechischen Nomina auf -tās un -ās},
    author       = {A. Leukart},
    year         = 1994,
    publisher    = {Verlag der Österreichischen Akademie der Wissenschaften},
    address      = {Wien},
}
@book{Levin2001,
    title        = {Agreement with collective nouns in English},
    author       = {Levin, Magnus},
    year         = 2001,
    publisher    = {Lund University},
    address      = {Lund},
    series       = {Lund studies in English, 103},
}
@article{Lindskog1896,
    title        = {Über die sogenannte Attractio inversa im Lateinnischen},
    author       = {C. Lindskog},
    year         = 1896,
    journal      = {Eranos},
    volume       = 1,
    pages        = {48--56},
}
@book{Lipka2002,
    title        = {Xenophon's Spartan Constitution: Introduction. Text. Commentary},
    author       = {Michael Lipka},
    year         = 2002,
    publisher    = {Walter de Gruyter},
    address      = {Berlin},
    keywords     = {edicao},
}
@book{LIV,
    title        = {Lexikon der indogermanischen Verben},
    author       = {Helmut Rix},
    year         = 2001,
    publisher    = {Dr. Ludwig Reichert Verlag},
    address      = {Wiesbaden},
}
@book{LLoydJonesWilson1990,
    title        = {Sophocles Fabulae},
    author       = {Sophocles},
    year         = 1990,
    publisher    = {Oxford University Press},
    address      = {Oxford},
    editor       = {H. LLoyd-Jones and N. G. Wilson},
    options      = {useauthor=false,useeditor=true},
    keywords     = {edicao},
}
@book{Löfstedt1911,
    title        = {
        Philologischer Kommentar zur Perigrinatio Aetheriae. Untersuchung zur
        Geschichte der lateinischen Sprache
    },
    author       = {W. Löfstedt},
    year         = 1911,
    publisher    = {},
    address      = {Uppsala},
}
@book{Los2005,
    title        = {The Rise of the To-Infinitive},
    author       = {Bettelou Los},
    year         = 2005,
    publisher    = {Oxford University Press},
    address      = {Oxford},
}
@book{Lourenço2019,
    title        = {Homero. Ilíada},
    year         = 2019,
    publisher    = {Quetzal Editores},
    address      = {Lisboa},
    editor       = {Frederico Lourenço},
    editortype   = {translator},
    options      = {useauthor=false,useeditor=true},
    keywords     = {traducao},
}
@book{Lowe2015,
    title        = {
        Participles in Rigvedic Sanskrit: The Syntax and Semantics of
        Adjectival Verb Forms
    },
    author       = {John J. Lowe},
    year         = 2015,
    publisher    = {Oxford University Press},
    address      = {Oxford},
}
@book{Lowe2017,
    title        = {Transitive nouns and adjectives: Evidence from Early Indo--Aryan},
    author       = {John J. Lowe},
    year         = 2017,
    publisher    = {Oxford University Press},
    address      = {Oxford},
}
@book{LSJ,
    title        = {A Greek-English Lexicon},
    author       = {G. Liddell and R. Scott and H. S. Jones},
    year         = 1996,
    publisher    = {Oxford University Press},
    address      = {Oxford},
    edition      = {9th},
}
@book{Lubotsky,
    title        = {The Indo--Aryan Inherited Lexicon},
    author       = {Alexander Lubotsky},
}
@book{Luraghi1996,
    title        = {Studi su casi e preposizioni nel greco antico},
    author       = {Silvia Luraghi},
    year         = 1996,
    publisher    = {Francoangeli},
    address      = {Pavia},
}
@inbook{Luraghi1999,
    title        = {The Subject of Complement Clauses with the Infinitive},
    author       = {Silvia Luraghi},
    year         = 1999,
    booktitle    = {
        Les complétives en grec ancien. Actes du colloque international de
        Saint-Étienne
    },
    publisher    = {Publications de l'université de Saint-Étienne},
    address      = {Saint-Étienne},
    pages        = {199--213},
    editor       = {Bernard Jacquinod},
}
@book{Luraghi2003,
    title        = {
        On the Meaning of Prepositions and Cases: The expression of semantic
        roles in Ancient Greek
    },
    author       = {Silvia Luraghi},
    year         = 2003,
    publisher    = {John Benjamins Publishing Company},
    address      = {Amsterdam},
}
@misc{lxml,
    title        = {lxml: XML and HTML with Python},
    author       = {Behnel, Stefan and Faassen, Martijn and Bicking, Ian},
    year         = 2005,
    publisher    = {Lxml},
}
@book{lyssympgorg,
    title        = {Plato. Lysis, Symposium, Gorgias},
    year         = 1925,
    publisher    = {Harvard University Press},
    address      = {Cambridge},
    editor       = {W. R. M. Lamb},
    editortype   = {translator},
    options      = {useauthor=false,useeditor=true},
    keywords     = {edicao},
}
@book{Macdonell1917,
    title        = {A vedic reader for students},
    author       = {Arthur Anthony Macdonell},
    year         = 1917,
    publisher    = {Oxford University Press},
    address      = {Madras},
}
@book{Macdonell1993,
    title        = {A vedic grammar for students},
    author       = {Arthur Anthony Macdonell},
    year         = 1993,
    publisher    = {Motilal Banarsidass Publishers},
    address      = {Delhi},
}
@book{Macedo2010,
    title        = {A palavra ofertada: Um estudo retórico dos hinos gregos e indianos},
    author       = {José Marcos Macedo},
    year         = 2010,
    publisher    = {Editora Unicamp},
    address      = {Campinas},
}
@mvbook{Marchant1904,
    title        = {Xenophontis Opera Omnia},
    year         = 1904,
    publisher    = {Oxford University Press},
    address      = {Oxford},
    volumes      = 5,
    editor       = {E. C. Marchant},
    options      = {useauthor=false,useeditor=true},
    keywords     = {edicao},
}
@inbook{Marten2000,
    title        = {
        The dynamics of Bantu applied verbs: an analysis at the
        syntax-pragmatics interface
    },
    author       = {Lutz Marten},
    year         = 2000,
    booktitle    = {Actes du 3e Congrès Mondial de Linguistique Africaine Lomé},
    publisher    = {Köppe},
    address      = {Köln},
    pages        = {207--221},
    editor       = {Kézié K. Lébikaza},
}
@article{Matic2003,
    title        = {Topic, focus, and discourse structure: Ancient Greek Word Order},
    author       = {Matić, Dejan},
    year         = 2003,
    journal      = {
        Studies in Language. International Journal sponsored by the Foundation
        “Foundations of Language”
    },
    publisher    = {John Benjamins},
    volume       = 27,
    number       = 3,
    pages        = {573--633},
    doi          = {https://doi.org/10.1075/sl.27.3.05mat},
}
@article{matplotlib,
    title        = {Matplotlib: A 2D graphics environment},
    author       = {Hunter, John D},
    year         = 2007,
    journal      = {Computing in science \& engineering},
    publisher    = {IEEE},
    volume       = 9,
    number       = 3,
    pages        = {90--95},
    keywords     = {software},
}
@book{May1878,
    title        = {De attractionis usu Herodoteo},
    author       = {Emanuel Oswald May},
    year         = 1878,
    publisher    = {Typis S. Schottlaenderi},
    address      = {Vratislaviae},
}
@book{Mayrhofer1956,
    title        = {Kurzgefasstes etymologisches Wörterbuch des Altindischen},
    author       = {Mayrhofer, Manfred},
    year         = 1956,
    publisher    = {Carl Winter},
    address      = {Heidelberg},
}
@mvbook{Mayrhofer1996,
    title        = {Etymologisches Wörterbuch des Altindoarischen},
    author       = {Mayrhofer, Manfred},
    year         = 1996,
    publisher    = {Carl Winter},
    address      = {Heidelberg},
    volumes      = 3,
}
@book{McGillivrayBarbara2014MiLc,
    title        = {Methods in Latin computational linguistics},
    author       = {McGillivray, Barbara},
    year         = 2014,
    publisher    = {Brill},
    address      = {Leiden},
}
@phdthesis{McLachlanKathryn2012Vo,
    title        = {
        Verborum ordo – ordo verborum: the placement of the dependent genitive
        in Classical Latin
    },
    author       = {McLachlan, Kathryn},
    year         = 2012,
    institution  = {University of Oxford},
}
@inbook{Melazzo2005,
    title        = {Latin object and subject of infinitive clauses},
    author       = {Lucio Melazzo},
    pages        = {295--323},
    crossref     = {Kiss2005},
}
@book{Melazzo2010,
    title        = {I Bahuvrīhi del Ṛg Veda.},
    author       = {Roberta Melazzo},
    year         = 2010,
    publisher    = {Innsbrucker Beiträge zur Sprachwissenschaft},
    address      = {Innsbruck},
}
@book{memxenpers,
    title        = {Xenophon: Memorabilia. Oeconomicus. Symposium. Apology.},
    year         = 1921,
    publisher    = {Harvard University Press},
    address      = {Cambridge},
    editor       = {E. C. Marchant and O. J. Todd},
    editortype   = {translator},
    options      = {useauthor=false,useeditor=true},
    keywords     = {edicao},
}
@mvbook{Meridier1976,
    title        = {Euripide},
    year         = 1976,
    publisher    = {Les Belles Lettres},
    address      = {Paris},
    editor       = {Louis Méridier},
    editortype   = {translator},
    options      = {useauthor=false,useeditor=true},
    keywords     = {edicao},
}
@online{Meyer2015,
    title        = {Case Attraction and NP-linking in Old Iranian},
    author       = {Robert Meyer},
    year         = 2015,
    url          = {
        
        https://www.academia.edu/13233789/Case\%5FAttraction\%5Fand\%5FNP-linking\%5Fin\%5FOld\%5FIranian
    },
    eventtitle   = {6th International Conference on Iranian Linguistics},
}
@book{Miller2019,
    title        = {The Oxford Gothic Grammar},
    author       = {D. Garry Miller},
    year         = 2019,
    publisher    = {Oxford University Press},
    address      = {Oxford},
}
@book{MonierWilliams2011,
    title        = {
        A Sanskrit English Dictionary: Etymologically and Philologically
        Arranged with Special Reference to Cognate Indo--European Languages,
    },
    author       = {M. Monier--Williams},
    year         = 2011,
    publisher    = {Motilal Banarsidass},
    address      = {Delhi},
}
@book{Monteil1963,
    title        = {
        La phrase relative en grec ancien: sa formation, son développement, sa
        structure; des origines a la fin du Ve siècle A.C.
    },
    author       = {Pierre Monteil},
    year         = 1963,
    publisher    = {Librairie C. Klincksieck},
    address      = {Paris},
}
@article{Morpheus1,
    title        = {Generating and Parsing Classical Greek},
    author       = {Crane, Gregory},
    year         = 1991,
    month        = {01},
    journal      = {Literary and Linguistic Computing},
    volume       = 6,
    number       = 4,
    pages        = {243--245},
    doi          = {10.1093/llc/6.4.243},
}
@inbook{Mulder1988,
    title        = {Non-accusative second arguments of two-place verbs in Ancient Greek},
    author       = {Hotze Mulder},
    year         = 1988,
    booktitle    = {In the footsteps of Raphael Kühner},
    publisher    = {J.C. Gieben},
    address      = {Amsterdam},
    pages        = {219--236},
    editor       = {Albert Rijksbaron and Hotze Mulder and Gerry Wakker},
}
@book{Murray1902,
    title        = {Euripidis fabulae},
    year         = 1902,
    publisher    = {Oxford University Press},
    address      = {Oxford},
    editor       = {G. Murray},
    options      = {useauthor=false,useeditor=true},
    keywords     = {edicao},
}
@inbook{Napoli2014,
    title        = {Attraction (Mood, Case etc.)},
    author       = {Maria Napoli},
    year         = 2014,
    booktitle    = {Encyclopedia of Ancient Greek Language and Linguistics},
    publisher    = {Brill},
    address      = {Leiden},
    editor       = {G. K. Giannakis},
}
@inbook{Narten1968,
    title        = {Zum ''proterodynamischen'' Wurzelpräsens},
    author       = {Johanna Narten},
    year         = 1968,
    booktitle    = {
        Pratidānam: Indian, Iranian and Indo--European Studies Presented to
        Franciscus Bernardus Jacobus Kuiper
    },
    publisher    = {Mouton},
    address      = {Paris},
    editor       = {J. C. Heesterman and G. H. Schokker and V. I. Subramoniam},
}
@book{NartenAor,
    title        = {Die sigmatischen Aoriste im Veda},
    author       = {Johanna Narten},
    year         = 1964,
    publisher    = {Otto Harrassowitz},
    address      = {Wiesbaden},
}
@article{Nikolaeva1999,
    title        = {Object agreement, grammatical relations, and information structure},
    author       = {Irina Nikolaeva},
    year         = 1999,
    journal      = {Studies in Language},
    volume       = 23,
    number       = 2,
    pages        = {331--376},
}
@book{NIL,
    title        = {Nomina im Indogermanischen Lexikon},
    author       = {Dagmar S. Wodtko and Britta Irslinger and Carolin Schneider},
    year         = 2008,
    publisher    = {Universitätsverlag Winter},
    address      = {Heidelberg},
}
@book{nltk,
    title        = {
        Natural language processing with Python: analyzing text with the
        natural language toolkit
    },
    author       = {Bird, Steven and Klein, Ewan and Loper, Edward},
    year         = 2009,
    publisher    = {" O'Reilly Media, Inc."},
}
@misc{NootenHolland,
    title        = {The Rigveda: Metrically Restored Text},
    author       = {van Nooten, Barend A. and Holland, Gary B.},
    year         = 1994,
    journal      = {UT College of Liberal Arts},
    publisher    = {Linguistics Research Center},
    address      = {Texas},
    url          = {https://liberalarts.utexas.edu/lrc/rigveda/index.php},
    editor       = {Thomson, Karen and Slocum, Jonathan},
}
@article{Norris2017a,
    title        = {Description nd analyses of nominal concord (Pt I)},
    author       = {Mark Norris},
    year         = 2017,
    journal      = {Language and Linguistics Compass},
    volume       = 11,
    number       = 11,
    doi          = {10.1111/lnc3.12266},
}
@article{Norris2017b,
    title        = {Description nd analyses of nominal concord (Pt II)},
    author       = {Mark Norris},
    year         = 2017,
    journal      = {Language and Linguistics Compass},
    volume       = 11,
    number       = 11,
    doi          = {10.1111/lnc3.12267},
}
@book{numpy,
    title        = {A guide to NumPy},
    author       = {Oliphant, Travis E},
    year         = 2006,
    publisher    = {Trelgol Publishing USA},
    volume       = 1,
    keywords     = {software},
}
@book{Oldenberg1909,
    title        = {Ṛgveda. Textkritische und exegetische Noten},
    author       = {Hermann Oldenberg},
    year         = {1909--1912},
    publisher    = {Weidmann},
    address      = {Berlin},
}
@book{Oldenberg2005,
    title        = {Prolegomenon on Metre and Textual History of the Ṛgveda},
    author       = {Hermann Oldenberg},
    year         = 2005,
    publisher    = {Motilal Banarsidass},
    address      = {Delhi},
    translator   = {V. G. Paranjape and M. A. Mehendale},
}
@software{oushiro_livia_2017_1202201,
    title        = {Introdução à Estatística para Linguistas},
    author       = {Oushiro, Livia},
    year         = 2017,
    publisher    = {Zenodo},
    doi          = {10.5281/zenodo.1202201},
    url          = {https://doi.org/10.5281/zenodo.1202201},
    note         = {
        {Material for the course LL900 Seminário de Linguística I (2018/1st
        semester) - PPG - Linguística - IEL/UNICAMP}
    },
    version      = {1.0.2},
    keywords     = {software},
}
@inproceedings{pandas,
    title        = {Data structures for statistical computing in Python},
    author       = {McKinney, Wes and others},
    year         = 2010,
    booktitle    = {Proceedings of the 9th Python in Science Conference},
    volume       = 445,
    pages        = {51--56},
    organization = {Austin, TX},
    keywords     = {software},
}
@mastersthesis{Paulsen2014,
    title        = {Structural case and agreement in Ancient Greek copular constructions},
    author       = {Christian Paulsen},
    location     = {California},
    institution  = {College of Arts and Humanities, California State University},
    eventdate    = 2014,
}
@book{Payne2010,
    title        = {
        Hieroglyphic Luwian: An Introduction with Original Texts. 2nd revised
        edition.
    },
    author       = {Annick Payne},
    year         = 2010,
    publisher    = {Harrassowitz Verlag},
    address      = {Wiesbaden},
}
% % Encoding: UTF-8
@book{Payne2012,
    title        = {Iron Age Hieroglyphic Luwian Inscriptions.},
    author       = {Annick Payne},
    year         = 2012,
    publisher    = {Society of Biblical Literature},
    address      = {Atlanta},
}
@phdthesis{Perna2013,
    title        = {
        La frase relativa in greco antico: Analisi sintatica basata sul
        dialetto attico di Platone
    },
    author       = {Elena Perna},
    year         = 2013,
    location     = {Padova},
    institution  = {Università degli Studi di Padova},
}
@inbook{PhilippakiWarburtonCatsimali1999,
    title        = {On Control in Greek},
    author       = {Irene Philippaki-Warburton and Georgia Catsimali},
    year         = 1999,
    booktitle    = {Studies in Greek Syntax},
    publisher    = {Kluwer},
    address      = {Dordrecht},
    pages        = {153--168},
    editor       = {Artemis Alexiadou and Geoffrey Horrocks and Melita Stavrou},
}
@book{Phillott1919,
    title        = {Higher Persian Grammar},
    author       = {D. C. Phillott},
    year         = 1919,
    publisher    = {Calcutta University},
    address      = {Calcutta},
    keywords     = {artigo},
}
@inbook{Pieroni2010,
    title        = {Deixis and anaphora},
    author       = {Silvia Pieroni},
    year         = 2010,
    pages        = {389--502},
    crossref     = {Baldi2010},
}
@article{Pillinger1980,
    title        = {The accusative and infinitive in Latin: a refractory complement clause 1},
    author       = {Pillinger, O. S},
    year         = 1980,
    journal      = {Journal of Linguistics},
    publisher    = {Cambridge University Press},
    volume       = 16,
    number       = 1,
    pages        = {55--83},
}
@book{Pinkster1990,
    title        = {Latin syntax and semantics},
    author       = {Harm Pinkster},
    year         = 1990,
    publisher    = {Routledge},
    address      = {London},
}
@book{Pinkster2015,
    title        = {Oxford Latin Syntax. Volume 1: the simple clause},
    author       = {Harm Pinkster},
    year         = 2015,
    publisher    = {Oxford University Press},
    address      = {Oxford},
}
@article{Pittner1995,
    title        = {The Case of German Relatives},
    author       = {Karen Pittner},
    year         = 1995,
    journal      = {Linguistic Review},
    volume       = {12/3},
    pages        = {197--231},
}
@article{polinsky_agreement_1999,
    title        = {Agreement in Tsez},
    author       = {Polinsky, Maria and Comrie, Bernard},
    year         = 1999,
    journal      = {Folia Linguistica},
    volume       = 33,
    number       = 1,
    pages        = {109--130},
    doi          = {10.1515/flin.1999.33.1-2.109},
    urldate      = {2020-07-15},
}
@article{Polinsky2003,
    title        = {Non-Canonical Agreement is Canonical},
    author       = {Maria Polinsky},
    year         = 2003,
    journal      = {Transactions of the Philological Society},
    volume       = 102,
    number       = 2,
    pages        = {279--312},
}
@inbook{Pompei2006,
    title        = {Participles as a Non-prototypical Word Class},
    author       = {Anna Pompei},
    year         = 2006,
    booktitle    = {Word Classes and Related Topics in Ancient Greek},
    publisher    = {Peeters},
    address      = {Louvain-La-Neuve},
    pages        = {361--388},
    editor       = {E. Crespo and J. de la Villa and A. R. Revuelta},
    pages        = {361--388},
}
@book{PortRoyal,
    title        = {
        Grammaire générale et raisonée contenant les fondemns de l'art de
        parler; expliquéz d'une maniere claire et naturelle; Les raisons de ce
        qui est commun à toutes les langues \& des principales différences qui
        s'y rencontrent; Et plusieurs remarques nouuelles sur la Langue
        Françoise
    },
    author       = {Port-Royal},
    year         = 1660,
    address      = {Paris},
}
@inbook{Probert2010,
    title        = {Phonology},
    author       = {Philomen Probert},
    pages        = {85--103},
    crossref     = {Bakker2010},
}
@book{Probert2015,
    title        = {Early Greek Relative Clauses},
    author       = {Philomen Probert},
    year         = 2015,
    publisher    = {Oxford University Press},
    address      = {Oxford},
}
@article{Probert2016,
    title        = {
        Zeus on the stud farm? Against a Homeric instance of atrtraction
        relativi
    },
    author       = {Philomen Probert},
    year         = 2016,
    journal      = {Mnemosyne},
    volume       = 69,
    pages        = {365--381},
}
@inbook{PROIEL,
    title        = {Creating a Parallel Treebank of the Old Indo-European Bible Translations},
    author       = {Dag T. T. Haug and Marius L. Jøhndal},
    year         = 2008,
    booktitle    = {
        Proceedings of the Second Workshop on Language Technology for Cultural
        Heritage Data (LaTeCH 2008)
    },
    pages        = {27--34},
    editor       = {Caroline Sporleder and Kiril Ribarov},
    keywords     = {software},
}
@article{PROIEL2009a,
    title        = {
        Breaking down and putting back together: analysis and synthesis of New
        Testament Greek
    },
    author       = {Dag T. T. Haug and Hanne M. Eckhoff and Marek Majer and Eirik Welo},
    year         = 2009,
    journal      = {Journal of Greek Linguistics},
    volume       = 9,
    pages        = {56--92},
    issue        = 1,
    keywords     = {software},
}
@article{PROIEL2009b,
    title        = {
        Computational and Linguistic Issues in Designing a Syntactically
        Annotated Parallel Corpus of Indo-European Languages
    },
    author       = {
        Dag T. T. Haug and Marius L. Jøhndal and Hanne M. Eckhoff and Mari
        Johanne Hertzenberg and Angelika Müth
    },
    year         = 2009,
    journal      = {Traitement automatique des langues},
    volume       = 50,
    pages        = {17--45},
    issue        = 2,
    keywords     = {software},
}
@article{PROIEL2018,
    title        = {
        The PROIEL treebank family: a standard for early attestations of
        Indo-European languages
    },
    author       = {
        Eckhoff, Hanne and Bech, Kristin and Bouma, Gerlof and Eide, Kristine
        and Haug, Dag T. T. and Haugen, Odd Einar and Jøhndal, Marius L.
    },
    year         = 2018,
    journal      = {Language Resources and Evaluation},
    volume       = 52,
    pages        = {29--65},
    keywords     = {software},
    issue        = 1,
}
@book{Pujol2005,
    title        = {Diccionari Sànscrit Català},
    author       = {Òscar Pujol},
    year         = 2005,
    publisher    = {Enciclopèdia Catalana},
    address      = {Barcelona},
}
@book{PW,
    title        = {
        Sanskrit Wörterbuch, herausgegeben von der kaiserlichen Akademie der
        Wissenschaften (Petersburger Wörterbuch)
    },
    author       = {Otto Böhtlingk and Rudolph Roth},
    year         = 1855,
    publisher    = {Eggers},
    address      = {St. Petersburg},
}
@book{Python,
    title        = {Python 3 Reference Manual},
    author       = {Van Rossum, Guido and Drake, Fred L.},
    year         = 2009,
    publisher    = {CreateSpace},
    address      = {Scotts Valley, CA},
    keywords     = {software},
}
@book{Quicoli1982,
    title        = {The Structure of Complementation},
    author       = {Antonio Carlos Quicoli},
    year         = 1982,
    publisher    = {E. Story-Scientia},
    address      = {Ghent},
}
@manual{R,
    title        = {R: A Language and Environment for Statistical Computing},
    author       = {{R Core Team}},
    year         = 2013,
    address      = {Vienna, Austria},
    url          = {http://www.R-project.org/},
    organization = {R Foundation for Statistical Computing},
    keywords     = {software},
}
@inbook{Rappaport1983,
    title        = {On the Nature of Derived Nominals},
    author       = {Rappaport, M.},
    year         = 1983,
    booktitle    = {Papers in Lexical-Functional Grammar},
    publisher    = {Indiana University Linguistics Club},
    address      = {Indiana},
    pages        = {113--42},
    editor       = {L. Levin and M. Rappaport and A. Zaenen},
}
@book{Rasinger2013,
    title        = {Quantitative Research in Linguistics},
    author       = {Sebastian M. Rasinger},
    year         = 2013,
    publisher    = {Bloomsbury Academic},
    address      = {London},
}
@inbook{Rasmussen1985,
    title        = {Der Prospektiv -- eine verkannte indogermanische Verbalkategorie?},
    author       = {Jens Elmegard Rasmussen},
    year         = 1985,
    booktitle    = {
        Grammatische Kategorien: Funktion und Geschichte. Akten der VII.
        Fachtgagung der Indogermanischen Gesellschaft
    },
    publisher    = {Reichert Verlag},
    address      = {Wiesbaden},
    pages        = {384--99},
    editor       = {Bernfried Schlerath},
}
@inbook{Redondo2006,
    title        = {Conflation: a special chapter in pronominal syntax},
    author       = {Jordi Redondo},
    year         = 2006,
    booktitle    = {Word Classes and Related Topics in Ancient Greek},
    publisher    = {Peeters},
    address      = {Louvain-La-Neuve},
    pages        = {121--134},
    editor       = {E. Crespo and J. de la Villa and A. R. Revuelta},
    pages        = {361--388},
}
@book{Reinohl2016,
    title        = {
        Gramaticalization and the {R}ise of {C}onfigurationality in
        {I}ndo-{A}ryan
    },
    author       = {Uta Reinöhl},
    year         = 2016,
    publisher    = {Oxford University Press},
    address      = {Oxford},
    keywords     = {artigo},
}
@book{Renou1928,
    title        = {Les maitres de la philologie védique},
    author       = {Louis Renou},
    year         = 1928,
    publisher    = {Librairie Orientaliste Paul Geuthner},
    address      = {Paris},
}
@book{Renou1952,
    title        = {Grammaire de la Langue Védique},
    author       = {Louis Renou},
    year         = 1952,
    publisher    = {IAC},
    address      = {Lyon},
}
@book{Renou1956,
    title        = {
        Études Védiques et Pāṇinéenes -- Tome II -- La composition du dixiéme
        mandala
    },
    author       = {Louis Renou},
    year         = 1956,
    publisher    = {E. de Boccard},
    address      = {Paris},
}
@book{Renou1957,
    title        = {
        Études Védiques et Pāṇinéenes -- Tome III -- Les hymnes a l'Aurore du
        Ṛgveda
    },
    author       = {Louis Renou},
    year         = 1957,
    publisher    = {E. de Boccard},
    address      = {Paris},
}
@book{Renou1960,
    title        = {
        Études Védiques et Pāṇinéenes -- Tome VI -- Le destin du véda dans
        l'Inde
    },
    author       = {Louis Renou},
    year         = 1960,
    publisher    = {E. de Boccard},
    address      = {Paris},
}
@book{Renou1964,
    title        = {Études Védiques et Pāṇinéenes -- Tome XIII},
    author       = {Louis Renou},
    year         = 1964,
    publisher    = {E. de Boccard},
    address      = {Paris},
}
@book{Renou1964a,
    title        = {Études Védiques et Pāṇinéenes -- Tome XII},
    author       = {Louis Renou},
    year         = 1964,
    publisher    = {E. de Boccard},
    address      = {Paris},
}
@book{Renou1967,
    title        = {Études Védiques et Pāṇinéenes -- Tome XVI -- Hymnes aux Aśvin},
    author       = {Louis Renou},
    year         = 1967,
    publisher    = {E. de Boccard},
    address      = {Paris},
}
@book{Renou1969,
    title        = {Études Védiques et Pāṇinéenes -- Tome XVII -- Hymnes a Indra},
    author       = {Louis Renou},
    year         = 1969,
    publisher    = {E. de Boccard},
    address      = {Paris},
}
@book{respublica1,
    title        = {Plato. Republic. Book 1-5},
    year         = 1969,
    publisher    = {Harvard University Press},
    address      = {Cambridge},
    editor       = {Paul Shorey},
    editortype   = {translator},
    options      = {useauthor=false,useeditor=true},
    keywords     = {edicao},
}
@book{respublica2,
    title        = {Plato. Republic. Book 6-10},
    year         = 1969,
    publisher    = {Harvard University Press},
    address      = {Cambridge},
    editor       = {Paul Shorey},
    editortype   = {translator},
    options      = {useauthor=false,useeditor=true},
    keywords     = {edicao},
}
@book{Rijksbaron2002,
    title        = {The Syntax and Semantics of the Verb in Classical Greek: an Introduction},
    author       = {Albert Rijksbaron},
    year         = 2002,
    publisher    = {The University of Chicago Press},
    address      = {Chicago},
}
@article{Rodda2019,
    title        = {
        Vector space models of Ancient Greek word meaning, and a case study on
        Homer
    },
    author       = {Rodda, MA and Probert, Philomen and McGillivray, B},
    year         = 2019,
    journal      = {Traitement Automatique des Langues},
    volume       = 60,
}
@phdthesis{Rodda2021,
    title        = {
        A corpus study of formulaic variation and linguistic productivity in
        early Greek epic
    },
    author       = {Martina Astrid Rodda},
    year         = 2021,
    location     = {Oxford},
    institution  = {University of Oxford},
}
@book{Rosen1987,
    title        = {Herodoti Historiae - Libri I - IV},
    year         = 1987,
    publisher    = {B. G. Teubner},
    address      = {Stuttgart},
    editor       = {Haimm Rosén},
    options      = {useauthor=false,useeditor=true},
    keywords     = {edicao},
}
@book{Rosen1997,
    title        = {Herodoti Historiae - Libri V-IX},
    year         = 1997,
    publisher    = {B. G. Teubner},
    address      = {Stuttgart},
    editor       = {Haimm Rosén},
    options      = {useauthor=false,useeditor=true},
    keywords     = {edicao},
}
@manual{Rstudio,
    title        = {RStudio: Integrated Development Environment for R},
    author       = {{RStudio Team}},
    year         = 2015,
    address      = {Boston, MA},
    url          = {http://www.rstudio.com/},
    organization = {RStudio, Inc.},
    keywords     = {software},
}
@book{Sanchez1587,
    title        = {Minerva, seu de causis linguae Latinae},
    author       = {Francisco {Sánchez de las Brozas}},
    year         = 1587,
    address      = {Salamanca},
    note         = {
        (Reprint with an introduction by Manuel Breva-Claramonte. Frommann:
        1986, Holzboog)
    },
}
@book{Scarlata1999,
    title        = {Die Wurzelkomposita im R̥g--veda},
    author       = {Salvatore Scarlata},
    year         = 1999,
    publisher    = {Reicher Verlag},
    address      = {Wiesbaden},
}
@book{Schaefer1994,
    title        = {Das Intensivum im Vedischen},
    author       = {Christiane Schaefer},
    year         = 1994,
    publisher    = {Vandenhoeck and Rupretch},
    address      = {Göttingen},
}
@book{Schweighauser1824,
    title        = {Lexicon Herodoteum},
    author       = {Johann Schweighäuser},
    year         = 1824,
    publisher    = {Treuttel et Würtz},
    address      = {London},
    keywords     = {reference},
}
@book{Schwyzer1950,
    title        = {Griechische Grammatik},
    author       = {Eduard Schwyzer},
    year         = 1950,
    publisher    = {C.H. Beck'sche Verlagsbuchhandlung},
    address      = {München},
    keywords     = {artigo, consulta},
}
@book{Scida2004,
    title        = {The Inflected Infinitive in Romance Languages},
    author       = {Emily Scida},
    year         = 2004,
    publisher    = {Routledge},
    address      = {New York},
    keywords     = {artigo},
}
@misc{scipy,
    title        = {{SciPy}: Open source scientific tools for {Python}},
    author       = {Eric Jones and Travis Oliphant and Pearu Peterson and others},
    year         = 2001,
    url          = {http://www.scipy.org/},
    keywords     = {software},
}
@book{scriptaminoraxenpers,
    title        = {
        Xenophon: Hiero. Agesilaus. Constitution of the Lacedaemonians. Ways
        and Means. Cavalry Commander. Art of Horsemanship. On Hunting.
        Constitution of the Athenians.
    },
    year         = 1925,
    publisher    = {Harvard University Press},
    address      = {Cambridge},
    editor       = {E. C. Marchant and G.W. Bowersock},
    editortype   = {translator},
    options      = {useauthor=false,useeditor=true},
    keywords     = {edicao},
}
@misc{seaborn,
    title        = {seaborn: statistical data visualization},
    author       = {Michael Waskom and others},
    year         = 2012,
    url          = {https://seaborn.pydata.org/},
    keywords     = {software},
}
@book{Serzant2013,
    title        = {The Diachronic Typology of Non-Canonical Subjects},
    year         = 2013,
    publisher    = {John Benjamins Publishing Company},
    address      = {Amsterdam},
    editor       = {Ilja A. Seržant and Leonid Kulikov},
    editortype   = {editor},
}
@phdthesis{Sevdali2006,
    title        = {
        Infinitival clauses in Ancient Greek: overt and null subjects, the role
        of case and focus
    },
    author       = {Christina Sevdali},
    year         = 2007,
    location     = {Cambridge},
    institution  = {University of Cambridge},
}
@article{Sevdali2013,
    title        = {Case Transmission beyond Control and the Role of Person},
    author       = {Christina Sevdali},
    year         = 2013,
    journal      = {Journal of Historical Syntax},
    volume       = 2,
    number       = 4,
    pages        = {1--52},
}
@article{Sevdali2013b,
    title        = {Ancient Greek Infinitives and Phases},
    author       = {Sevdali, Christina},
    year         = 2013,
    journal      = {Syntax},
    volume       = 16,
    number       = 4,
    pages        = {324--361},
    doi          = {https://doi.org/10.1111/synt.12004},
    url          = {https://onlinelibrary.wiley.com/doi/abs/10.1111/synt.12004},
}
@article{ShapiroWilk1965,
    title        = {An Analysis of Variance Test for Normality (Complete Samples)},
    author       = {S. S. Shapiro and M. B. Wilk},
    year         = 1965,
    journal      = {Biometrika},
    volume       = 52,
    number       = {3/4},
    pages        = {591--611},
}
@book{Sheskin2003,
    title        = {Handbook of Parametric and Nonparametric Statistical Procedures},
    author       = {David J. Sheskin},
    year         = 2003,
    publisher    = {Chapman \& Hall/CRC},
    address      = {London},
}
@article{Shields1997,
    title        = {The origin of the vedic 2nd Sing. Imperative in -''si''},
    author       = {Kenneth Shields},
    year         = 1997,
    journal      = {Indo-Iranian Journal},
    volume       = 40,
    number       = 2,
    pages        = {149--155},
}
@article{Sigurðsson2008,
    title        = {The case of PRO},
    author       = {H. Sigurðsson},
    year         = 2008,
    journal      = {Natural Language and Linguistic Theory},
    number       = 26,
    pages        = {403--450},
}
@inbook{Skopeteas2006,
    title        = {Prepositions and adverbs in Classical Greek},
    author       = {Stavros Skopeteas},
    year         = 2006,
    booktitle    = {Word Classes and Related Topics in Ancient Greek},
    publisher    = {Peeters},
    address      = {Louvain-La-Neuve},
    pages        = {471--485},
    editor       = {E. Crespo and J. de la Villa and A. R. Revuelta},
    pages        = {361--388},
}
@book{Slings2003,
    title        = {Platonis Rempublicam},
    year         = 2003,
    publisher    = {Oxford University Press},
    address      = {Oxford},
    editor       = {S. R. Slings},
    options      = {useauthor=false,useeditor=true},
    keywords     = {edicao},
}
@book{Smyth1956,
    title        = {Greek Grammar},
    author       = {Herbert Weir Smyth},
    year         = 1956,
    publisher    = {Harvard University Press},
    address      = {Cambridge, MA},
    keywords     = {artigo, consulta},
}
@book{socrxenpers,
    title        = {Xenophon: Memorabilia. Oeconomicus. Symposium. Apology.},
    year         = 1922,
    publisher    = {Harvard University Press},
    address      = {Cambridge},
    editor       = {Carleton L. Brownson},
    editortype   = {translator},
    options      = {useauthor=false,useeditor=true},
    keywords     = {edicao},
}
@unpublished{spacy,
    title        = {
        {spaCy 2}: Natural language understanding with {B}loom embeddings,
        convolutional neural networks and incremental parsing
    },
    author       = {Honnibal, Matthew and Montani, Ines},
    year         = 2017,
    note         = {To appear},
}
@book{Speijer1896,
    title        = {Vedische und Sanskrit--Syntax},
    author       = {J. S. Speijer},
    year         = 1896,
    publisher    = {Verlag von Karl J. Trübner},
    address      = {Strassburg},
}
@book{Speijer1998,
    title        = {Sanskrit Syntax},
    author       = {J. S. Speijer},
    year         = 1998,
    publisher    = {Motilal Banarsidass},
    address      = {Delhi},
}
@inbook{Spencer2006,
    title        = {Syntactic vs. morphological case: Implications for morphosyntax},
    author       = {Andrew Spencer},
    pages        = {3--21},
    crossref     = {Kulikov2006},
}
@inbook{Spyropoulos2005,
    title        = {The syntax of Classical Greek infinitive},
    author       = {Vassilios Spyropoulos},
    pages        = {295--337},
    crossref     = {Kiss2005},
}
@book{Stahl1907,
    title        = {
        Kritisch-historische Syntax des griechischen Verbums der klassischen
        Zeit
    },
    author       = {Johann M. Stahl},
    year         = 1907,
    publisher    = {Carl Winters Universitätsbuchhandlung},
    address      = {Heidelberg},
}
@inproceedings{stanza,
    title        = {
        Stanza: A {Python} Natural Language Processing Toolkit for Many Human
        Languages
    },
    author       = {
        Qi, Peng and Zhang, Yuhao and Zhang, Yuhui and Bolton, Jason and
        Manning, Christopher D.
    },
    year         = 2020,
    booktitle    = {
        Proceedings of the 58th Annual Meeting of the Association for
        Computational Linguistics: System Demonstrations
    },
    url          = {https://nlp.stanford.edu/pubs/qi2020stanza.pdf},
}
@article{Steinthal1860,
    title        = {Assimilation und Attraction},
    author       = {E. Steinthal},
    year         = 1860,
    journal      = {Zeitschrift für Völkerpsychologie und Sprachwissenschaft},
    volume       = 1,
    pages        = {93--179},
}
@article{Stowell1982,
    title        = {The Tense of Infinitives},
    author       = {Stowell, Tim},
    year         = 1982,
    journal      = {Linguistic Inquiry},
    volume       = 13,
    number       = 3,
    pages        = {561--570},
}
@article{Strunk1972,
    title        = {
        Ai. babhūva, av. buuāuua: ein Problem der Perfektbildung im
        Indo--Iranischen
    },
    author       = {Klaus Strunk},
    year         = 1972,
    journal      = {Historische Sprachforschung},
    volume       = 86,
    number       = 1,
    pages        = {21--7},
}
@book{Stuber2002,
    title        = {Die primären s-Stämme des Indogermanischen},
    author       = {Karin Stüber},
    year         = 2002,
    publisher    = {Dr. Ludwig Reichert Verlag},
    address      = {Wiesbaden},
}
@book{Sturtz1801,
    title        = {Lexicon Xenophonteum},
    author       = {Friedrich W. Sturtz},
    year         = 1801,
    publisher    = {Joh. Ambrosium Barth.},
    address      = {Leipzig},
    keywords     = {reference},
}
@inbook{Tantalou2003,
    title        = {Infinitives with overt subjects in Classical Greek},
    author       = {Niki Tantalou},
    pages        = {358--365},
    crossref     = {2003Mgth},
}
@book{Testelec2001,
    title        = {Vvdenie v obščij sintaksis},
    author       = {Jakov G. Testelec},
    year         = 2001,
    publisher    = {Rossijskii gosudarstvennyj gumanitiarnyj universitet},
    address      = {Moscow},
}
@article{TheDiorisisAncientGreekCorpus,
    title        = {The Diorisis Ancient Greek Corpus},
    author       = {Alessandro Vatri and Barbara McGillivray},
    year         = 2018,
    journal      = {Research Data Journal for the Humanities and Social Sciences},
    publisher    = {Brill},
    address      = {Leiden, Niederlande},
    volume       = 3,
    number       = 1,
    pages        = {55--65},
    url          = {https://brill.com/view/journals/rdj/3/1/article-p55\%5F55.xml},
    keywords     = {software},
}
@book{Thurneysen1998,
    title        = {A grammar of Old Irish},
    author       = {Rudolf Thurneysen},
    year         = 1998,
    publisher    = {School of Celtic Studies},
    address      = {Dublin},
    keywords     = {artigo},
}
@article{tidyverse,
    title        = {Welcome to the {tidyverse}},
    author       = {
        Hadley Wickham and Mara Averick and Jennifer Bryan and Winston Chang
        and Lucy D'Agostino McGowan and Romain François and Garrett Grolemund
        and Alex Hayes and Lionel Henry and Jim Hester and Max Kuhn and Thomas
        Lin Pedersen and Evan Miller and Stephan Milton Bache and Kirill Müller
        and Jeroen Ooms and David Robinson and Dana Paige Seidel and Vitalie
        Spinu and Kohske Takahashi and Davis Vaughan and Claus Wilke and Kara
        Woo and Hiroaki Yutani
    },
    year         = 2019,
    journal      = {Journal of Open Source Software},
    volume       = 4,
    number       = 43,
    pages        = 1686,
    doi          = {10.21105/joss.01686},
}
@book{timcricleimenex,
    title        = {Plato. Timaeus. Critias. Cleitophon. Menexenus. Epistles.},
    year         = 1929,
    publisher    = {Harvard University Press},
    address      = {Cambridge},
    editor       = {R. G. Bury},
    editortype   = {translator},
    options      = {useauthor=false,useeditor=true},
    keywords     = {edicao},
}
@electronic{tlg,
    title        = {Thesaurus Linguae Graecae® Digital Library.},
    address      = {Irvine},
    url          = {http://www.tlg.uci.edu},
    editor       = {Maria C. Pantelia},
    organization = {University of California},
    keywords     = {software},
}
@inproceedings{Tuite1984,
    title        = {Case Attraction and Case Agreement},
    author       = {Kevin J. Tuite},
    year         = 1984,
    booktitle    = {Proceedings of the Eastern States Conference on Linguistics},
    publisher    = {DMLL Publications},
    address      = {Ohio},
    number       = 1,
    pages        = {140--51},
    eventtitle   = {Eastern States Conference on Linguistics},
}
@book{Untermann1996,
    title        = {Wörterbuch des Oskisch--Umbrischen},
    author       = {Jürgen Untermann},
    year         = 1996,
    publisher    = {C. Winter},
    address      = {Heidelberg},
}
@book{Vaan2008,
    title        = {Etymological Dictionary of Latin and the other Italic Languages},
    author       = {Michiel de Vaan},
    year         = 2008,
    publisher    = {Brill},
    address      = {Leiden},
}
@manual{vcd,
    title        = {vcd: Visualizing Categorical Data},
    author       = {David Meyer and Achim Zeileis and Kurt Hornik},
    year         = 2017,
    note         = {R package version 1.4-4},
    keywords     = {software},
}
@book{Viger1834,
    title        = {De praecipuis Graecae dictionis idiotismis liber},
    author       = {
        Viger, François and Hermann, Gottfried and Zeune, Johann Carl and
        Hoogeveen, Henrici
    },
    year         = 1834,
    publisher    = {sumtibus Librariae Hahnianae,},
    address      = {Lipsiae},
}
@book{Wackernagel1924,
    title        = {
        Vorlesungen über Syntax mit besonderer Berücksichtigung von Griechisch,
        Lateinisch und Deutsch
    },
    author       = {Jacob Wackernagel},
    year         = 1924,
    publisher    = {Komissionsverlag von Emil Birkhäuser},
    address      = {Basel},
}
@book{Wackernagel1950,
    title        = {
        Vorlesungen über Syntax mit besonderer Berücksichtigung von Griechisch,
        Lateinisch und Deutsch
    },
    author       = {Jacob Wackernagel},
    year         = 1950,
    publisher    = {Verlag Birkhäuser},
    address      = {Basel},
    edition      = 2,
}
@book{Wackernagel2009,
    title        = {Lectures on Syntax with special reference to Greek, Latin and Germanic},
    author       = {Jacob Wackernagel},
    year         = 2009,
    publisher    = {Oxford University Press},
    address      = {Oxford},
    editor       = {David Langslow},
    options      = {useauthor=false,useeditor=true},
}
@misc{WebLicht:Online:2012,
    title        = {WebLicht: Web-Based Linguistic Chaining Tool},
    author       = {CLARIN-D/SfS-Uni.~Tübingen},
    year         = 2012,
    note         = {Date Accessed: 17 Dec 2019. URL https://weblicht.sfs.uni-tuebingen.de/},
    howpublished = {Online},
    keywords     = {software},
}
@inbook{Welo2014,
    title        = {Subject},
    author       = {Eirik Welo},
    year         = 2014,
    booktitle    = {Encyclopedia of Ancient Greek Language and Linguistics},
    publisher    = {Brill},
    address      = {Leiden},
}
@book{Whitney1889,
    title        = {
        Sanskrit Grammar: Including Both the Classical Language, and the Older
        Dialects, of Veda and Brahmana.
    },
    author       = {William Dwight Whitney},
    year         = 1889,
    publisher    = {Harvard University Press},
    address      = {Cambridge},
    keywords     = {artigo},
}
@article{Wilcoxon1945,
    title        = {Individual Comparisons by Ranking Methods},
    author       = {Frank Wilcoxon},
    year         = 1945,
    journal      = {Biometrics Bulletin},
    volume       = 1,
    number       = 6,
    pages        = {80--83},
}
@book{Willetts1967,
    title        = {The Law Code of Gortyn},
    author       = {Ronald F. Willetts},
    year         = 1967,
    publisher    = {Walter De Gruyter},
    address      = {Berlin},
}
@book{Willi2018,
    title        = {Origins of the Greek Verb},
    author       = {Willi, Andreas},
    year         = 2018,
    publisher    = {Cambridge University Press},
    address      = {Cambridge},
}
@book{Wilson2015,
    title        = {Herodoti Historiae},
    year         = 2015,
    publisher    = {Oxford University Press},
    address      = {Oxford},
    editor       = {N. G. Wilson},
    options      = {useauthor=false,useeditor=true},
    keywords     = {edicao},
}
@book{Woods1989,
    title        = {Statistics in Language Studies},
    author       = {Anthony Woods and Paul Fletcher and Arthur Hughes},
    year         = 1989,
    publisher    = {Cambridge University Press},
    address      = {Cambridge},
}
@article{Woolford2006,
    title        = {Lexical {C}ase, {I}nherent {C}ase, and {A}rgument {S}tructure},
    author       = {Ellen Woolford},
    year         = 2006,
    journal      = {Linguistic Inquiry},
    volume       = 37,
    number       = 1,
    pages        = {111--130},
    keywords     = {artigo},
}
@article{Zimmer2015,
    title        = {Review of Jamison--Brereton's English Rigveda},
    author       = {Stefan Zimmer},
    year         = 2015,
    journal      = {Journal of Indo--European Studies},
    volume       = 43,
    number       = {3--4},
    pages        = {477--544},
}
